<?xml version="1.0" encoding="UTF-8"?>
<!DOCTYPE html PUBLIC "-//W3C//DTD XHTML 1.0 Transitional//EN"
    "http://www.w3.org/TR/xhtml1/DTD/xhtml1-transitional.dtd">
<html xmlns="http://www.w3.org/1999/xhtml" xml:lang="en" lang="en">
 <head>
  <title>
</title>
<meta http-equiv="Content-Type" content="text/html;charset=utf-8" />
  <meta name='ocr-system' content='tesseract 3.04.00' />
  <meta name='ocr-capabilities' content='ocr_page ocr_carea ocr_par ocr_line ocrx_word'/>
</head>
<body>
  <div class='ocr_page' id='page_1' title='image "./denaturadeorum01corngoog/denaturadeorum01corngoog_0043.png"; bbox 0 0 2984 4825; ppageno 0'>
   <div class='ocr_carea' id='block_1_1' title="bbox 540 312 824 355">
    <p class='ocr_par' dir='ltr' id='par_1_1' title="bbox 540 312 824 355">
     <span class='ocr_line' id='line_1_1' title="bbox 540 312 824 355; baseline -0.011 1"><span class='ocrx_word' id='word_1_1' title='bbox 540 312 824 355; x_wconf 65' lang='lat' dir='ltr'><strong>*lull-</strong></span> 
     </span>
    </p>
   </div>
   <div class='ocr_carea' id='block_1_2' title="bbox 128 460 1225 3406">
    <p class='ocr_par' dir='ltr' id='par_1_2' title="bbox 128 460 1225 2688">
     <span class='ocr_line' id='line_1_2' title="bbox 146 460 1223 548; baseline -0.006 -19"><span class='ocrx_word' id='word_1_2' title='bbox 146 468 300 548; x_wconf 85' lang='lat' dir='ltr'><strong>epitomen</strong></span> <span class='ocrx_word' id='word_1_3' title='bbox 323 463 428 545; x_wconf 86' lang='lat' dir='ltr'><strong>operis</strong></span> <span class='ocrx_word' id='word_1_4' title='bbox 444 460 619 544; x_wconf 84' lang='lat' dir='ltr'><strong>Chrysippi</strong></span> <span class='ocrx_word' id='word_1_5' title='bbox 641 462 716 544; x_wconf 78' lang='lat' dir='ltr'><strong>nspi</strong></span> <span class='ocrx_word' id='word_1_6' title='bbox 741 460 850 535; x_wconf 71' lang='grc' dir='ltr'><strong>θιόν,</strong></span> <span class='ocrx_word' id='word_1_7' title='bbox 874 462 963 525; x_wconf 85' lang='lat' dir='ltr'><strong>cuius</strong></span> <span class='ocrx_word' id='word_1_8' title='bbox 985 462 1127 525; x_wconf 77' lang='lat' dir='ltr'><strong>meminit</strong></span> <span class='ocrx_word' id='word_1_9' title='bbox 1149 476 1223 543; x_wconf 85' lang='lat' dir='ltr'><strong>post</strong></span> 
     </span>
     <span class='ocr_line' id='line_1_3' title="bbox 144 563 1221 647; baseline -0.004 -16"><span class='ocrx_word' id='word_1_10' title='bbox 144 570 317 646; x_wconf 86' lang='lat' dir='ltr'><strong>laertium,</strong></span> <span class='ocrx_word' id='word_1_11' title='bbox 349 566 646 647; x_wconf 76' lang='lat' dir='ltr'><strong>Hsrpomationetn,</strong></span> <span class='ocrx_word' id='word_1_12' title='bbox 683 563 893 643; x_wconf 72' lang='lat' dir='ltr'><strong>Menenium,</strong></span> <span class='ocrx_word' id='word_1_13' title='bbox 928 566 1130 629; x_wconf 72' lang='lat' dir='ltr'>Plutarchum</span> <span class='ocrx_word' id='word_1_14' title='bbox 1162 578 1221 627; x_wconf 87' lang='lat' dir='ltr'><strong>etr.</strong></span> 
     </span>
     <span class='ocr_line' id='line_1_4' title="bbox 143 662 1223 752; baseline -0.002 -19"><span class='ocrx_word' id='word_1_15' title='bbox 143 672 301 751; x_wconf 68' lang='lat' dir='ltr'><strong>Fabricius</strong></span> <span class='ocrx_word' id='word_1_16' title='bbox 322 670 360 732; x_wconf 88' lang='lat' dir='ltr'><strong>T.</strong></span> <span class='ocrx_word' id='word_1_17' title='bbox 380 670 419 731; x_wconf 91' lang='lat' dir='ltr'><strong>ll.</strong></span> <span class='ocrx_word' id='word_1_18' title='bbox 444 692 478 751; x_wconf 89' lang='lat' dir='ltr'><strong>p.</strong></span> <span class='ocrx_word' id='word_1_19' title='bbox 498 673 562 735; x_wconf 81' lang='lat'><strong>396</strong></span> <span class='ocrx_word' id='word_1_20' title='bbox 583 686 740 752; x_wconf 84' lang='lat' dir='ltr'><strong>quemque</strong></span> <span class='ocrx_word' id='word_1_21' title='bbox 764 662 803 727; x_wconf 80' lang='lat' dir='ltr'><strong>de</strong></span> <span class='ocrx_word' id='word_1_22' title='bbox 824 678 937 731; x_wconf 87' lang='lat' dir='ltr'><strong>notura</strong></span> <span class='ocrx_word' id='word_1_23' title='bbox 956 667 1089 732; x_wconf 83' lang='lat' dir='ltr'><strong>deorum</strong></span> <span class='ocrx_word' id='word_1_24' title='bbox 1111 668 1223 731; x_wconf 82' lang='lat' dir='ltr'><strong>inerti·</strong></span> 
     </span>
     <span class='ocr_line' id='line_1_5' title="bbox 143 764 1222 857; baseline -0.001 -23"><span class='ocrx_word' id='word_1_25' title='bbox 143 774 187 834; x_wconf 87' lang='lat' dir='ltr'><strong>bit</strong></span> <span class='ocrx_word' id='word_1_26' title='bbox 209 774 338 853; x_wconf 84' lang='lat' dir='ltr'><strong>Cicero,</strong></span> <span class='ocrx_word' id='word_1_27' title='bbox 369 775 426 856; x_wconf 88' lang='lat' dir='ltr'><strong>qui</strong></span> <span class='ocrx_word' id='word_1_28' title='bbox 448 772 603 857; x_wconf 82' lang='lat' dir='ltr'><strong>quaedam</strong></span> <span class='ocrx_word' id='word_1_29' title='bbox 626 792 668 833; x_wconf 79' lang='lat' dir='ltr'><strong>ex</strong></span> <span class='ocrx_word' id='word_1_30' title='bbox 690 787 728 833; x_wconf 91' lang='lat' dir='ltr'><strong>eo</strong></span> <span class='ocrx_word' id='word_1_31' title='bbox 751 764 939 849; x_wconf 75' lang='lat' dir='ltr'><strong>depromptu</strong></span> <span class='ocrx_word' id='word_1_32' title='bbox 963 783 994 831; x_wconf 84' lang='lat' dir='ltr'><strong>et</strong></span> <span class='ocrx_word' id='word_1_33' title='bbox 1021 790 1090 832; x_wconf 83' lang='lat' dir='ltr'><strong>rom</strong></span> <span class='ocrx_word' id='word_1_34' title='bbox 1112 771 1222 833; x_wconf 87' lang='lat' dir='ltr'><strong>libello</strong></span> 
     </span>
     <span class='ocr_line' id='line_1_6' title="bbox 143 869 1222 955; baseline 0 -20"><span class='ocrx_word' id='word_1_35' title='bbox 143 874 275 936; x_wconf 82' lang='lat' dir='ltr'><strong>Cornuti</strong></span> <span class='ocrx_word' id='word_1_36' title='bbox 303 878 505 939; x_wconf 71' lang='lat' dir='ltr'><strong>consonantia</strong></span> <span class='ocrx_word' id='word_1_37' title='bbox 535 878 629 938; x_wconf 86' lang='lat' dir='ltr'><strong>habet</strong></span> <span class='ocrx_word' id='word_1_38' title='bbox 658 873 697 935; x_wconf 88' lang='lat' dir='ltr'><strong>de</strong></span> <span class='ocrx_word' id='word_1_39' title='bbox 727 882 793 931; x_wconf 90' lang='lat' dir='ltr'><strong>nst.</strong></span> <span class='ocrx_word' id='word_1_40' title='bbox 822 869 920 931; x_wconf 88' lang='lat' dir='ltr'><strong>Deor.</strong></span> <span class='ocrx_word' id='word_1_41' title='bbox 941 871 979 947; x_wconf 93' lang='lat' dir='ltr'><strong>ll,</strong></span> <span class='ocrx_word' id='word_1_42' title='bbox 1003 876 1042 935; x_wconf 76' lang='lat' dir='ltr'><strong>to</strong></span> <span class='ocrx_word' id='word_1_43' title='bbox 1055 871 1094 955; x_wconf 77' lang='lat'><strong>¹⁸).</strong></span> <span class='ocrx_word' id='word_1_44' title='bbox 1147 872 1222 935; x_wconf 88' lang='lat' dir='ltr'><strong>Non</strong></span> 
     </span>
     <span class='ocr_line' id='line_1_7' title="bbox 141 967 1223 1057; baseline -0.001 -18"><span class='ocrx_word' id='word_1_45' title='bbox 141 990 245 1039; x_wconf 85' lang='lat' dir='ltr'><strong>autem</strong></span> <span class='ocrx_word' id='word_1_46' title='bbox 273 1000 315 1041; x_wconf 87' lang='lat' dir='ltr'><strong>ex</strong></span> <span class='ocrx_word' id='word_1_47' title='bbox 337 980 399 1039; x_wconf 88' lang='lat' dir='ltr'><strong>hoo</strong></span> <span class='ocrx_word' id='word_1_48' title='bbox 428 980 497 1039; x_wconf 88' lang='lat' dir='ltr'><strong>eolo</strong></span> <span class='ocrx_word' id='word_1_49' title='bbox 519 973 692 1057; x_wconf 72' lang='lat' dir='ltr'><strong>Chrysippi</strong></span> <span class='ocrx_word' id='word_1_50' title='bbox 713 972 814 1047; x_wconf 78' lang='lat' dir='ltr'><strong>libro,</strong></span> <span class='ocrx_word' id='word_1_51' title='bbox 840 970 895 1033; x_wconf 79' lang='lat' dir='ltr'><strong>ssd</strong></span> <span class='ocrx_word' id='word_1_52' title='bbox 909 967 911 971; x_wconf 66' lang='grc'>’</span> <span class='ocrx_word' id='word_1_53' title='bbox 923 972 1021 1035; x_wconf 83' lang='lat' dir='ltr'><strong>etism</strong></span> <span class='ocrx_word' id='word_1_54' title='bbox 1040 976 1110 1035; x_wconf 85' lang='lat' dir='ltr'><strong>eliis</strong></span> <span class='ocrx_word' id='word_1_55' title='bbox 1130 976 1223 1038; x_wconf 87' lang='lat' dir='ltr'><strong>innu-</strong></span> 
     </span>
     <span class='ocr_line' id='line_1_8' title="bbox 140 1075 1222 1155; baseline -0.002 -13"><span class='ocrx_word' id='word_1_56' title='bbox 140 1082 237 1143; x_wconf 89' lang='lat' dir='ltr'><strong>meris</strong></span> <span class='ocrx_word' id='word_1_57' title='bbox 259 1080 440 1141; x_wconf 76' lang='lat' dir='ltr'><strong>Stoicorum</strong></span> <span class='ocrx_word' id='word_1_58' title='bbox 463 1080 615 1141; x_wconf 81' lang='lat' dir='ltr'><strong>maiorum</strong></span> <span class='ocrx_word' id='word_1_59' title='bbox 643 1075 782 1155; x_wconf 86' lang='lat' dir='ltr'><strong>gestium</strong></span> <span class='ocrx_word' id='word_1_60' title='bbox 810 1076 959 1155; x_wconf 83' lang='lat' dir='ltr'><strong>operibus</strong></span> <span class='ocrx_word' id='word_1_61' title='bbox 982 1075 1125 1137; x_wconf 84' lang='lat' dir='ltr'><strong>hortulos</strong></span> <span class='ocrx_word' id='word_1_62' title='bbox 1151 1098 1222 1140; x_wconf 91' lang='lat' dir='ltr'><strong>suos</strong></span> 
     </span>
     <span class='ocr_line' id='line_1_9' title="bbox 143 1177 1223 1264; baseline 0 -23"><span class='ocrx_word' id='word_1_63' title='bbox 143 1181 290 1259; x_wconf 75' lang='lat' dir='ltr'><strong>irrigavit</strong></span> <span class='ocrx_word' id='word_1_64' title='bbox 305 1180 461 1243; x_wconf 72' lang='lat' dir='ltr'><strong>Cornutus</strong></span> <span class='ocrx_word' id='word_1_65' title='bbox 477 1201 574 1264; x_wconf 82' lang='lat' dir='ltr'><strong>enque</strong></span> <span class='ocrx_word' id='word_1_66' title='bbox 594 1178 698 1242; x_wconf 87' lang='lat' dir='ltr'><strong>omnia</strong></span> <span class='ocrx_word' id='word_1_67' title='bbox 718 1179 762 1240; x_wconf 83' lang='lat' dir='ltr'><strong>its</strong></span> <span class='ocrx_word' id='word_1_68' title='bbox 783 1177 817 1239; x_wconf 90' lang='lat' dir='ltr'><strong>io</strong></span> <span class='ocrx_word' id='word_1_69' title='bbox 834 1196 959 1239; x_wconf 72' lang='lat' dir='ltr'><strong>sumum</strong></span> <span class='ocrx_word' id='word_1_70' title='bbox 978 1178 1223 1261; x_wconf 83' lang='lat' dir='ltr'><strong>sanguinemque</strong></span> 
     </span>
     <span class='ocr_line' id='line_1_10' title="bbox 144 1279 1222 1365; baseline 0 -22"><span class='ocrx_word' id='word_1_71' title='bbox 144 1302 235 1343; x_wconf 89' lang='lat' dir='ltr'><strong>suum</strong></span> <span class='ocrx_word' id='word_1_72' title='bbox 251 1284 415 1359; x_wconf 75' lang='lat' dir='ltr'><strong>convertit,</strong></span> <span class='ocrx_word' id='word_1_73' title='bbox 436 1296 472 1345; x_wconf 90' lang='lat' dir='ltr'><strong>ot</strong></span> <span class='ocrx_word' id='word_1_74' title='bbox 487 1285 521 1345; x_wconf 90' lang='lat' dir='ltr'><strong>in</strong></span> <span class='ocrx_word' id='word_1_75' title='bbox 543 1284 582 1345; x_wconf 89' lang='lat' dir='ltr'><strong>iis</strong></span> <span class='ocrx_word' id='word_1_76' title='bbox 600 1303 681 1365; x_wconf 85' lang='lat' dir='ltr'><strong>quae</strong></span> <span class='ocrx_word' id='word_1_77' title='bbox 701 1279 740 1344; x_wconf 85' lang='lat' dir='ltr'><strong>ad</strong></span> <span class='ocrx_word' id='word_1_78' title='bbox 761 1281 960 1359; x_wconf 68' lang='lat' dir='ltr'><strong>theologiam,</strong></span> <span class='ocrx_word' id='word_1_79' title='bbox 983 1282 1222 1361; x_wconf 86' lang='lat' dir='ltr'><strong>eoemogonism,</strong></span> 
     </span>
     <span class='ocr_line' id='line_1_11' title="bbox 144 1384 1223 1468; baseline 0.001 -23"><span class='ocrx_word' id='word_1_80' title='bbox 144 1385 380 1464; x_wconf 83' lang='lat' dir='ltr'><strong>rosmologiam,</strong></span> <span class='ocrx_word' id='word_1_81' title='bbox 412 1385 638 1468; x_wconf 73' lang='lat' dir='ltr'><strong>physiologiam</strong></span> <span class='ocrx_word' id='word_1_82' title='bbox 668 1396 700 1447; x_wconf 90' lang='lat' dir='ltr'><strong>et</strong></span> <span class='ocrx_word' id='word_1_83' title='bbox 727 1384 972 1465; x_wconf 86' lang='lat' dir='ltr'><strong>osetsphyeicam</strong></span> <span class='ocrx_word' id='word_1_84' title='bbox 998 1396 1157 1464; x_wconf 77' lang='lat' dir='ltr'><strong>spectent,</strong></span> <span class='ocrx_word' id='word_1_85' title='bbox 1185 1404 1223 1446; x_wconf 83' lang='lat' dir='ltr'><strong>es</strong></span> 
     </span>
     <span class='ocr_line' id='line_1_12' title="bbox 140 1484 1223 1568; baseline -0.001 -20"><span class='ocrx_word' id='word_1_86' title='bbox 140 1488 244 1548; x_wconf 86' lang='lat' dir='ltr'><strong>omnia</strong></span> <span class='ocrx_word' id='word_1_87' title='bbox 266 1487 362 1549; x_wconf 83' lang='lat' dir='ltr'><strong>lerme</strong></span> <span class='ocrx_word' id='word_1_88' title='bbox 384 1486 665 1568; x_wconf 80' lang='lat' dir='ltr'><strong>repraesentaverit</strong></span> <span class='ocrx_word' id='word_1_89' title='bbox 683 1487 834 1562; x_wconf 75' lang='lat' dir='ltr'><strong>Zenonis,</strong></span> <span class='ocrx_word' id='word_1_90' title='bbox 858 1484 1031 1564; x_wconf 84' lang='lat' dir='ltr'><strong>Clasnthis,</strong></span> <span class='ocrx_word' id='word_1_91' title='bbox 1052 1486 1223 1568; x_wconf 87' lang='lat' dir='ltr'><strong>Chrysippi</strong></span> 
     </span>
     <span class='ocr_line' id='line_1_13' title="bbox 140 1587 1223 1672; baseline 0.003 -22"><span class='ocrx_word' id='word_1_92' title='bbox 140 1602 198 1651; x_wconf 86' lang='lat' dir='ltr'><strong>etc.</strong></span> <span class='ocrx_word' id='word_1_93' title='bbox 220 1591 410 1669; x_wconf 80' lang='lat' dir='ltr'><strong>fragmenta,</strong></span> <span class='ocrx_word' id='word_1_94' title='bbox 440 1612 521 1672; x_wconf 84' lang='lat' dir='ltr'><strong>quse</strong></span> <span class='ocrx_word' id='word_1_95' title='bbox 544 1589 585 1651; x_wconf 81' lang='lat' dir='ltr'><strong>tle</strong></span> <span class='ocrx_word' id='word_1_96' title='bbox 611 1591 693 1651; x_wconf 85' lang='lat' dir='ltr'><strong>hisce</strong></span> <span class='ocrx_word' id='word_1_97' title='bbox 715 1587 891 1669; x_wconf 80' lang='lat' dir='ltr'><strong>disciplinis</strong></span> <span class='ocrx_word' id='word_1_98' title='bbox 912 1589 1037 1667; x_wconf 83' lang='lat' dir='ltr'><strong>agentis</strong></span> <span class='ocrx_word' id='word_1_99' title='bbox 1061 1588 1147 1669; x_wconf 84' lang='lat' dir='ltr'><strong>apud</strong></span> <span class='ocrx_word' id='word_1_100' title='bbox 1169 1610 1223 1653; x_wconf 82' lang='lat' dir='ltr'><strong>rs·</strong></span> 
     </span>
     <span class='ocr_line' id='line_1_14' title="bbox 139 1690 1223 1781; baseline 0.003 -29"><span class='ocrx_word' id='word_1_101' title='bbox 139 1693 204 1754; x_wconf 87' lang='lat' dir='ltr'><strong>rios</strong></span> <span class='ocrx_word' id='word_1_102' title='bbox 235 1704 377 1757; x_wconf 80' lang='lat' dir='ltr'><strong>tortores</strong></span> <span class='ocrx_word' id='word_1_103' title='bbox 406 1692 544 1757; x_wconf 83' lang='lat' dir='ltr'><strong>Graecos</strong></span> <span class='ocrx_word' id='word_1_104' title='bbox 570 1705 605 1781; x_wconf 76' lang='lat' dir='ltr'><strong>et</strong></span> <span class='ocrx_word' id='word_1_105' title='bbox 633 1693 763 1753; x_wconf 60' lang='lat' dir='ltr'><strong>latinos</strong></span> <span class='ocrx_word' id='word_1_106' title='bbox 791 1704 961 1771; x_wconf 88' lang='lat' dir='ltr'><strong>supersunt</strong></span> <span class='ocrx_word' id='word_1_107' title='bbox 972 1690 1026 1772; x_wconf 63' lang='lat'><strong>³⁸).</strong></span> <span class='ocrx_word' id='word_1_108' title='bbox 1080 1690 1223 1766; x_wconf 86' lang='lat' dir='ltr'><strong>Quorum</strong></span> 
     </span>
     <span class='ocr_line' id='line_1_15' title="bbox 140 1792 1224 1875; baseline -0.002 -18"><span class='ocrx_word' id='word_1_109' title='bbox 140 1797 276 1857; x_wconf 83' lang='lat' dir='ltr'><strong>omnium</strong></span> <span class='ocrx_word' id='word_1_110' title='bbox 306 1798 446 1858; x_wconf 86' lang='lat' dir='ltr'><strong>locorum</strong></span> <span class='ocrx_word' id='word_1_111' title='bbox 476 1794 620 1875; x_wconf 78' lang='lat' dir='ltr'><strong>diligenti</strong></span> <span class='ocrx_word' id='word_1_112' title='bbox 649 1794 834 1868; x_wconf 86' lang='lat' dir='ltr'><strong>collatione,</strong></span> <span class='ocrx_word' id='word_1_113' title='bbox 865 1814 961 1875; x_wconf 85' lang='lat' dir='ltr'><strong>quem</strong></span> <span class='ocrx_word' id='word_1_114' title='bbox 982 1794 1018 1853; x_wconf 90' lang='lat' dir='ltr'><strong>in</strong></span> <span class='ocrx_word' id='word_1_115' title='bbox 1038 1792 1095 1852; x_wconf 82' lang='lat' dir='ltr'><strong>hoo</strong></span> <span class='ocrx_word' id='word_1_116' title='bbox 1115 1804 1224 1855; x_wconf 86' lang='lat' dir='ltr'><strong>nostra</strong></span> 
     </span>
     <span class='ocr_line' id='line_1_16' title="bbox 140 1894 1222 1975; baseline -0.004 -16"><span class='ocrx_word' id='word_1_117' title='bbox 140 1898 331 1960; x_wconf 84' lang='lat' dir='ltr'><strong>instituimus</strong></span> <span class='ocrx_word' id='word_1_118' title='bbox 355 1897 512 1975; x_wconf 88' lang='lat' dir='ltr'><strong>editione,</strong></span> <span class='ocrx_word' id='word_1_119' title='bbox 537 1911 568 1959; x_wconf 87' lang='lat' dir='ltr'><strong>et</strong></span> <span class='ocrx_word' id='word_1_120' title='bbox 591 1896 750 1959; x_wconf 78' lang='lat' dir='ltr'><strong>Cot-nutus</strong></span> <span class='ocrx_word' id='word_1_121' title='bbox 770 1898 951 1960; x_wconf 79' lang='lat' dir='ltr'><strong>illustretur</strong></span> <span class='ocrx_word' id='word_1_122' title='bbox 969 1905 1001 1955; x_wconf 85' lang='lat' dir='ltr'><strong>et</strong></span> <span class='ocrx_word' id='word_1_123' title='bbox 1023 1904 1162 1955; x_wconf 86' lang='lat' dir='ltr'><strong>mutuam</strong></span> <span class='ocrx_word' id='word_1_124' title='bbox 1184 1894 1222 1955; x_wconf 87' lang='lat' dir='ltr'><strong>iit</strong></span> 
     </span>
     <span class='ocr_line' id='line_1_17' title="bbox 139 1995 1221 2081; baseline -0.004 -20"><span class='ocrx_word' id='word_1_125' title='bbox 139 2000 284 2063; x_wconf 81' lang='lat' dir='ltr'><strong>omnihus</strong></span> <span class='ocrx_word' id='word_1_126' title='bbox 307 1999 440 2063; x_wconf 83' lang='lat' dir='ltr'><strong>affundit</strong></span> <span class='ocrx_word' id='word_1_127' title='bbox 461 2000 561 2060; x_wconf 82' lang='lat' dir='ltr'><strong>locem</strong></span> <span class='ocrx_word' id='word_1_128' title='bbox 578 2016 679 2081; x_wconf 85' lang='lat' dir='ltr'><strong>eoque</strong></span> <span class='ocrx_word' id='word_1_129' title='bbox 697 2001 861 2081; x_wconf 74' lang='lat' dir='ltr'><strong>pulchrior</strong></span> <span class='ocrx_word' id='word_1_130' title='bbox 881 1998 1032 2075; x_wconf 75' lang='lat' dir='ltr'><strong>enitescit,</strong></span> <span class='ocrx_word' id='word_1_131' title='bbox 1055 1995 1142 2078; x_wconf 80' lang='lat' dir='ltr'><strong>qood</strong></span> <span class='ocrx_word' id='word_1_132' title='bbox 1157 2016 1221 2059; x_wconf 91' lang='lat' dir='ltr'><strong>non</strong></span> 
     </span>
     <span class='ocr_line' id='line_1_18' title="bbox 138 2097 1223 2165; baseline -0.002 -2"><span class='ocrx_word' id='word_1_133' title='bbox 138 2102 242 2165; x_wconf 86' lang='lat' dir='ltr'><strong>nudus</strong></span> <span class='ocrx_word' id='word_1_134' title='bbox 264 2124 300 2163; x_wconf 84' lang='lat' dir='ltr'><strong>so</strong></span> <span class='ocrx_word' id='word_1_135' title='bbox 319 2106 409 2165; x_wconf 87' lang='lat' dir='ltr'><strong>solue</strong></span> <span class='ocrx_word' id='word_1_136' title='bbox 429 2112 467 2161; x_wconf 87' lang='lat' dir='ltr'><strong>ut</strong></span> <span class='ocrx_word' id='word_1_137' title='bbox 491 2113 582 2161; x_wconf 83' lang='lat' dir='ltr'><strong>antea</strong></span> <span class='ocrx_word' id='word_1_138' title='bbox 603 2106 644 2160; x_wconf 86' lang='lat' dir='ltr'><strong>et&#39;</strong></span> <span class='ocrx_word' id='word_1_139' title='bbox 657 2102 695 2161; x_wconf 89' lang='lat' dir='ltr'><strong>sb</strong></span> <span class='ocrx_word' id='word_1_140' title='bbox 717 2103 805 2161; x_wconf 86' lang='lat' dir='ltr'><strong>omni</strong></span> <span class='ocrx_word' id='word_1_141' title='bbox 825 2103 893 2161; x_wconf 84' lang='lat' dir='ltr'><strong>lere</strong></span> <span class='ocrx_word' id='word_1_142' title='bbox 913 2101 1034 2161; x_wconf 74' lang='lat' dir='ltr'><strong>aemilio</strong></span> <span class='ocrx_word' id='word_1_143' title='bbox 1053 2097 1223 2161; x_wconf 83' lang='lat' dir='ltr'><strong>destitutus</strong></span> 
     </span>
     <span class='ocr_line' id='line_1_19' title="bbox 138 2198 1225 2279; baseline -0.007 -14"><span class='ocrx_word' id='word_1_144' title='bbox 138 2221 211 2265; x_wconf 82' lang='lat' dir='ltr'><strong>sues</strong></span> <span class='ocrx_word' id='word_1_145' title='bbox 230 2202 373 2265; x_wconf 79' lang='lat' dir='ltr'><strong>venditet</strong></span> <span class='ocrx_word' id='word_1_146' title='bbox 396 2201 578 2279; x_wconf 78' lang='lat' dir='ltr'><strong>opiniones,</strong></span> <span class='ocrx_word' id='word_1_147' title='bbox 606 2200 662 2261; x_wconf 81' lang='lat' dir='ltr'><strong>sed</strong></span> <span class='ocrx_word' id='word_1_148' title='bbox 684 2202 781 2263; x_wconf 86' lang='lat' dir='ltr'><strong>totins</strong></span> <span class='ocrx_word' id='word_1_149' title='bbox 803 2201 943 2279; x_wconf 82' lang='lat' dir='ltr'><strong>porticos</strong></span> <span class='ocrx_word' id='word_1_150' title='bbox 966 2211 1101 2279; x_wconf 71' lang='lat' dir='ltr'><strong>systema</strong></span> <span class='ocrx_word' id='word_1_151' title='bbox 1123 2198 1225 2259; x_wconf 81' lang='lat' dir='ltr'><strong>fideli·</strong></span> 
     </span>
     <span class='ocr_line' id='line_1_20' title="bbox 128 2298 1225 2381; baseline -0.002 -17"><span class='ocrx_word' id='word_1_152' title='bbox 128 2317 193 2364; x_wconf 88' lang='lat' dir='ltr'><strong>·ter</strong></span> <span class='ocrx_word' id='word_1_153' title='bbox 224 2321 383 2381; x_wconf 76' lang='lat' dir='ltr'><strong>exponere</strong></span> <span class='ocrx_word' id='word_1_154' title='bbox 415 2298 613 2375; x_wconf 83' lang='lat' dir='ltr'><strong>ostendatur,</strong></span> <span class='ocrx_word' id='word_1_155' title='bbox 644 2312 676 2359; x_wconf 84' lang='lat' dir='ltr'><strong>st</strong></span> <span class='ocrx_word' id='word_1_156' title='bbox 705 2318 775 2361; x_wconf 84' lang='lat' dir='ltr'><strong>com</strong></span> <span class='ocrx_word' id='word_1_157' title='bbox 803 2299 948 2361; x_wconf 82' lang='lat' dir='ltr'><strong>omnihus</strong></span> <span class='ocrx_word' id='word_1_158' title='bbox 971 2299 1038 2362; x_wconf 79' lang='lat' dir='ltr'><strong>tare</strong></span> <span class='ocrx_word' id='word_1_159' title='bbox 1067 2298 1225 2362; x_wconf 81' lang='lat' dir='ltr'><strong>veteribus</strong></span> 
     </span>
     <span class='ocr_line' id='line_1_21' title="bbox 137 2400 1225 2486; baseline -0.003 -18"><span class='ocrx_word' id='word_1_160' title='bbox 137 2403 322 2468; x_wconf 80' lang='lat' dir='ltr'><strong>auctoribus</strong></span> <span class='ocrx_word' id='word_1_161' title='bbox 345 2400 471 2463; x_wconf 85' lang='lat' dir='ltr'><strong>Graecis</strong></span> <span class='ocrx_word' id='word_1_162' title='bbox 491 2422 528 2462; x_wconf 86' lang='lat' dir='ltr'><strong>ac</strong></span> <span class='ocrx_word' id='word_1_163' title='bbox 548 2400 683 2480; x_wconf 63' lang='lat' dir='ltr'><strong>latinis,</strong></span> <span class='ocrx_word' id='word_1_164' title='bbox 714 2425 850 2486; x_wconf 88' lang='lat' dir='ltr'><strong>quorum</strong></span> <span class='ocrx_word' id='word_1_165' title='bbox 873 2402 1080 2484; x_wconf 81' lang='lat' dir='ltr'><strong>intelligentie</strong></span> <span class='ocrx_word' id='word_1_166' title='bbox 1101 2423 1120 2466; x_wconf 87' lang='lat' dir='ltr'><strong>e</strong></span> <span class='ocrx_word' id='word_1_167' title='bbox 1140 2402 1225 2468; x_wconf 82' lang='lat' dir='ltr'><strong>stot-</strong></span> 
     </span>
     <span class='ocr_line' id='line_1_22' title="bbox 138 2504 1222 2588; baseline 0.003 -19"><span class='ocrx_word' id='word_1_168' title='bbox 138 2529 192 2570; x_wconf 85' lang='lat' dir='ltr'><strong>eae</strong></span> <span class='ocrx_word' id='word_1_169' title='bbox 220 2505 405 2586; x_wconf 78' lang='lat' dir='ltr'><strong>disciplinate</strong></span> <span class='ocrx_word' id='word_1_170' title='bbox 427 2504 604 2582; x_wconf 83' lang='lat' dir='ltr'><strong>cognitione</strong></span> <span class='ocrx_word' id='word_1_171' title='bbox 625 2517 699 2586; x_wconf 86' lang='lat' dir='ltr'><strong>epta</strong></span> <span class='ocrx_word' id='word_1_172' title='bbox 720 2519 755 2567; x_wconf 91' lang='lat' dir='ltr'><strong>et</strong></span> <span class='ocrx_word' id='word_1_173' title='bbox 776 2527 927 2588; x_wconf 78' lang='lat' dir='ltr'><strong>suspense</strong></span> <span class='ocrx_word' id='word_1_174' title='bbox 953 2521 1016 2586; x_wconf 88' lang='lat' dir='ltr'><strong>est,</strong></span> <span class='ocrx_word' id='word_1_175' title='bbox 1046 2510 1222 2573; x_wconf 72' lang='lat' dir='ltr'><strong>mcuuimo</strong></span> 
     </span>
     <span class='ocr_line' id='line_1_23' title="bbox 137 2611 503 2688; baseline -0.011 -16"><span class='ocrx_word' id='word_1_176' title='bbox 137 2611 265 2672; x_wconf 86' lang='lat' dir='ltr'><strong>vinculo</strong></span> <span class='ocrx_word' id='word_1_177' title='bbox 287 2611 503 2688; x_wconf 85' lang='lat' dir='ltr'><strong>coniungatur.</strong></span> 
     </span>
    </p>

    <p class='ocr_par' dir='ltr' id='par_1_3' title="bbox 136 2710 1221 3406">
     <span class='ocr_line' id='line_1_24' title="bbox 226 2710 1221 2794; baseline 0.002 -22"><span class='ocrx_word' id='word_1_178' title='bbox 226 2713 275 2772; x_wconf 83' lang='lat' dir='ltr'><strong>Ex</strong></span> <span class='ocrx_word' id='word_1_179' title='bbox 296 2711 515 2788; x_wconf 73' lang='lat' dir='ltr'><strong>allegoriarum</strong></span> <span class='ocrx_word' id='word_1_180' title='bbox 540 2710 749 2790; x_wconf 75' lang='lat' dir='ltr'><strong>explicatione</strong></span> <span class='ocrx_word' id='word_1_181' title='bbox 773 2733 854 2794; x_wconf 86' lang='lat' dir='ltr'><strong>qnae</strong></span> <span class='ocrx_word' id='word_1_182' title='bbox 874 2711 914 2772; x_wconf 85' lang='lat' dir='ltr'><strong>ad</strong></span> <span class='ocrx_word' id='word_1_183' title='bbox 937 2713 1127 2791; x_wconf 79' lang='lat' dir='ltr'><strong>theolegium</strong></span> <span class='ocrx_word' id='word_1_184' title='bbox 1148 2733 1221 2792; x_wconf 84' lang='lat' dir='ltr'><strong>peo-</strong></span> 
     </span>
     <span class='ocr_line' id='line_1_25' title="bbox 138 2812 1219 2896; baseline 0 -20"><span class='ocrx_word' id='word_1_185' title='bbox 138 2817 253 2890; x_wconf 86' lang='lat' dir='ltr'><strong>tioent,</strong></span> <span class='ocrx_word' id='word_1_186' title='bbox 274 2835 311 2874; x_wconf 85' lang='lat' dir='ltr'><strong>ea</strong></span> <span class='ocrx_word' id='word_1_187' title='bbox 332 2814 435 2874; x_wconf 88' lang='lat' dir='ltr'><strong>omnia</strong></span> <span class='ocrx_word' id='word_1_188' title='bbox 451 2812 609 2875; x_wconf 86' lang='lat' dir='ltr'><strong>Cornutus</strong></span> <span class='ocrx_word' id='word_1_189' title='bbox 626 2814 727 2876; x_wconf 90' lang='lat' dir='ltr'><strong>hausit</strong></span> <span class='ocrx_word' id='word_1_190' title='bbox 750 2835 768 2875; x_wconf 91' lang='lat' dir='ltr'><strong>s</strong></span> <span class='ocrx_word' id='word_1_191' title='bbox 788 2815 880 2877; x_wconf 89' lang='lat' dir='ltr'><strong>libris</strong></span> <span class='ocrx_word' id='word_1_192' title='bbox 894 2814 1046 2893; x_wconf 85' lang='lat' dir='ltr'><strong>Zenonis,</strong></span> <span class='ocrx_word' id='word_1_193' title='bbox 1064 2815 1122 2896; x_wconf 90' lang='lat' dir='ltr'><strong>qui</strong></span> <span class='ocrx_word' id='word_1_194' title='bbox 1135 2814 1219 2896; x_wconf 88' lang='lat' dir='ltr'><strong>apud</strong></span> 
     </span>
     <span class='ocr_line' id='line_1_26' title="bbox 136 2908 1220 3002; baseline 0 -22"><span class='ocrx_word' id='word_1_195' title='bbox 136 2919 245 2980; x_wconf 76' lang='lat' dir='ltr'><strong>lnsrt.</strong></span> <span class='ocrx_word' id='word_1_196' title='bbox 259 2937 291 2997; x_wconf 90' lang='lat' dir='ltr'><strong>p.</strong></span> <span class='ocrx_word' id='word_1_197' title='bbox 304 2915 374 2993; x_wconf 86' lang='lat'><strong>165,</strong></span> <span class='ocrx_word' id='word_1_198' title='bbox 395 2915 609 2977; x_wconf 82' lang='lat' dir='ltr'><strong>inscribuntur</strong></span> <span class='ocrx_word' id='word_1_199' title='bbox 628 2908 882 3002; x_wconf 70' lang='grc' dir='ltr'><strong>προβλημάτων</strong></span> <span class='ocrx_word' id='word_1_200' title='bbox 894 2910 1090 3001; x_wconf 72' lang='grc' dir='ltr'><strong>Ὁμηρικῶν</strong></span> <span class='ocrx_word' id='word_1_201' title='bbox 1104 2919 1220 2994; x_wconf 71' lang='grc' dir='ltr'><strong>πέντε,</strong></span> 
     </span>
     <span class='ocr_line' id='line_1_27' title="bbox 138 3003 1219 3102; baseline -0.002 -22"><span class='ocrx_word' id='word_1_202' title='bbox 138 3033 169 3080; x_wconf 87' lang='lat' dir='ltr'><strong>et</strong></span> <span class='ocrx_word' id='word_1_203' title='bbox 200 3019 279 3102; x_wconf 73' lang='lat' dir='ltr'><strong>usui</strong></span> <span class='ocrx_word' id='word_1_204' title='bbox 303 3017 481 3102; x_wconf 70' lang='grc' dir='ltr'><strong><em>ποιητικῆς</em></strong></span> <span class='ocrx_word' id='word_1_205' title='bbox 502 3008 706 3098; x_wconf 77' lang='grc' dir='ltr'><strong>ἇιιροᾶσιιις,</strong></span> <span class='ocrx_word' id='word_1_206' title='bbox 734 3017 769 3076; x_wconf 89' lang='lat' dir='ltr'><strong>in</strong></span> <span class='ocrx_word' id='word_1_207' title='bbox 796 3003 911 3097; x_wconf 71' lang='lat' dir='ltr'><strong>ipuibus</strong></span> <span class='ocrx_word' id='word_1_208' title='bbox 935 3018 1112 3080; x_wconf 75' lang='lat' dir='ltr'><strong>fabularum</strong></span> <span class='ocrx_word' id='word_1_209' title='bbox 1139 3015 1219 3079; x_wconf 84' lang='lat' dir='ltr'><strong>adeo</strong></span> 
     </span>
     <span class='ocr_line' id='line_1_28' title="bbox 138 3116 1220 3204; baseline -0.007 -21"><span class='ocrx_word' id='word_1_210' title='bbox 138 3123 293 3204; x_wconf 85' lang='lat' dir='ltr'><strong>poetieam</strong></span> <span class='ocrx_word' id='word_1_211' title='bbox 315 3117 517 3197; x_wconf 87' lang='lat' dir='ltr'><strong>theologiam,</strong></span> <span class='ocrx_word' id='word_1_212' title='bbox 538 3129 574 3177; x_wconf 90' lang='lat' dir='ltr'><strong>ut</strong></span> <span class='ocrx_word' id='word_1_213' title='bbox 597 3117 726 3196; x_wconf 79' lang='lat' dir='ltr'><strong>pulchre</strong></span> <span class='ocrx_word' id='word_1_214' title='bbox 748 3118 912 3192; x_wconf 77' lang='lat' dir='ltr'><strong>distinguit</strong></span> <span class='ocrx_word' id='word_1_215' title='bbox 929 3121 1033 3178; x_wconf 84' lang='lat' dir='ltr'><strong>Verro</strong></span> <span class='ocrx_word' id='word_1_216' title='bbox 1055 3116 1140 3194; x_wconf 88' lang='lat' dir='ltr'><strong>apud</strong></span> <span class='ocrx_word' id='word_1_217' title='bbox 1155 3120 1220 3176; x_wconf 77' lang='lat' dir='ltr'><strong>Au-</strong></span> 
     </span>
     <span class='ocr_line' id='line_1_29' title="bbox 137 3218 1221 3301; baseline -0.006 -16"><span class='ocrx_word' id='word_1_218' title='bbox 137 3225 295 3300; x_wconf 86' lang='lat' dir='ltr'><strong>gustinum</strong></span> <span class='ocrx_word' id='word_1_219' title='bbox 317 3221 356 3283; x_wconf 89' lang='lat' dir='ltr'><strong>de</strong></span> <span class='ocrx_word' id='word_1_220' title='bbox 378 3222 437 3282; x_wconf 80' lang='lat' dir='ltr'><strong>civ.</strong></span> <span class='ocrx_word' id='word_1_221' title='bbox 455 3219 507 3282; x_wconf 87' lang='lat' dir='ltr'><strong>dei</strong></span> <span class='ocrx_word' id='word_1_222' title='bbox 522 3219 579 3293; x_wconf 89' lang='lat' dir='ltr'><strong>vt,</strong></span> <span class='ocrx_word' id='word_1_223' title='bbox 595 3221 625 3292; x_wconf 79' lang='lat'><strong>5,</strong></span> <span class='ocrx_word' id='word_1_224' title='bbox 644 3219 683 3282; x_wconf 82' lang='lat' dir='ltr'><strong>etl</strong></span> <span class='ocrx_word' id='word_1_225' title='bbox 706 3220 865 3301; x_wconf 76' lang='lat' dir='ltr'><strong>physicum</strong></span> <span class='ocrx_word' id='word_1_226' title='bbox 886 3239 942 3280; x_wconf 88' lang='lat' dir='ltr'><strong>seu</strong></span> <span class='ocrx_word' id='word_1_227' title='bbox 964 3218 1136 3278; x_wconf 85' lang='lat' dir='ltr'><strong>naturalem</strong></span> <span class='ocrx_word' id='word_1_228' title='bbox 1156 3229 1221 3278; x_wconf 87' lang='lat' dir='ltr'><strong>tre·</strong></span> 
     </span>
     <span class='ocr_line' id='line_1_30' title="bbox 138 3320 1220 3406; baseline -0.005 -19"><span class='ocrx_word' id='word_1_229' title='bbox 138 3325 288 3402; x_wconf 82' lang='lat' dir='ltr'><strong>duxerat,</strong></span> <span class='ocrx_word' id='word_1_230' title='bbox 319 3323 406 3406; x_wconf 87' lang='lat' dir='ltr'><strong>qood</strong></span> <span class='ocrx_word' id='word_1_231' title='bbox 429 3335 537 3403; x_wconf 86' lang='lat' dir='ltr'><strong>postea</strong></span> <span class='ocrx_word' id='word_1_232' title='bbox 560 3322 715 3402; x_wconf 79' lang='lat' dir='ltr'><strong>preestitit</strong></span> <span class='ocrx_word' id='word_1_233' title='bbox 737 3320 933 3398; x_wconf 79' lang='lat' dir='ltr'><strong>Heraclides,</strong></span> <span class='ocrx_word' id='word_1_234' title='bbox 961 3320 1067 3384; x_wconf 83' lang='lat' dir='ltr'><strong>Stoioo</strong></span> <span class='ocrx_word' id='word_1_235' title='bbox 1091 3340 1220 3400; x_wconf 88' lang='lat' dir='ltr'><strong>prorsus</strong></span> 
     </span>
    </p>
   </div>
   <div class='ocr_carea' id='block_1_3' title="bbox 137 3537 1220 4140">
    <p class='ocr_par' dir='ltr' id='par_1_4' title="bbox 137 3537 1220 4140">
     <span class='ocr_line' id='line_1_31' title="bbox 210 3537 1218 3612; baseline -0.001 -21"><span class='ocrx_word' id='word_1_236' title='bbox 210 3540 236 3607; x_wconf 88' lang='lat'><strong>&#39;)</strong></span> <span class='ocrx_word' id='word_1_237' title='bbox 254 3539 309 3605; x_wconf 84' lang='lat' dir='ltr'><strong>[De</strong></span> <span class='ocrx_word' id='word_1_238' title='bbox 333 3539 385 3592; x_wconf 83' lang='lat' dir='ltr'><strong>hoe</strong></span> <span class='ocrx_word' id='word_1_239' title='bbox 403 3538 548 3612; x_wconf 82' lang='lat' dir='ltr'><strong>Chrysippi</strong></span> <span class='ocrx_word' id='word_1_240' title='bbox 569 3539 638 3592; x_wconf 89' lang='lat' dir='ltr'><strong>libro</strong></span> <span class='ocrx_word' id='word_1_241' title='bbox 657 3559 680 3591; x_wconf 86' lang='lat' dir='ltr'><strong>s.</strong></span> <span class='ocrx_word' id='word_1_242' title='bbox 697 3537 805 3611; x_wconf 80' lang='lat' dir='ltr'><strong>lllenag.</strong></span> <span class='ocrx_word' id='word_1_243' title='bbox 824 3537 858 3592; x_wconf 82' lang='lat' dir='ltr'><strong>ati</strong></span> <span class='ocrx_word' id='word_1_244' title='bbox 875 3538 956 3610; x_wconf 89' lang='lat' dir='ltr'><strong>Diog.</strong></span> <span class='ocrx_word' id='word_1_245' title='bbox 974 3538 1060 3592; x_wconf 77' lang='lat' dir='ltr'><strong>laert</strong></span> <span class='ocrx_word' id='word_1_246' title='bbox 1078 3538 1135 3605; x_wconf 89' lang='lat' dir='ltr'><strong>Vll,</strong></span> <span class='ocrx_word' id='word_1_247' title='bbox 1156 3543 1218 3593; x_wconf 76' lang='lat'><strong>2⁰2.</strong></span> 
     </span>
     <span class='ocr_line' id='line_1_32' title="bbox 137 3623 1217 3698; baseline 0.003 -24"><span class='ocrx_word' id='word_1_248' title='bbox 137 3649 162 3698; x_wconf 76' lang='lat' dir='ltr'><strong>p.</strong></span> <span class='ocrx_word' id='word_1_249' title='bbox 183 3625 286 3680; x_wconf 67' lang='lat' dir='ltr'><strong>mh.</strong></span> <span class='ocrx_word' id='word_1_250' title='bbox 319 3624 420 3676; x_wconf 77' lang='lat' dir='ltr'><strong>Planits</strong></span> <span class='ocrx_word' id='word_1_251' title='bbox 443 3625 499 3680; x_wconf 81' lang='lat' dir='ltr'><strong>sius</strong></span> <span class='ocrx_word' id='word_1_252' title='bbox 521 3629 640 3698; x_wconf 84' lang='lat' dir='ltr'><strong>esposuit</strong></span> <span class='ocrx_word' id='word_1_253' title='bbox 664 3625 768 3698; x_wconf 83' lang='lat' dir='ltr'><strong>Baguet</strong></span> <span class='ocrx_word' id='word_1_254' title='bbox 785 3628 819 3678; x_wconf 88' lang='lat' dir='ltr'><strong>de</strong></span> <span class='ocrx_word' id='word_1_255' title='bbox 837 3623 988 3698; x_wconf 87' lang='lat' dir='ltr'><strong>Chrysippo</strong></span> <span class='ocrx_word' id='word_1_256' title='bbox 1007 3647 1033 3698; x_wconf 89' lang='lat' dir='ltr'><strong>p.</strong></span> <span class='ocrx_word' id='word_1_257' title='bbox 1052 3630 1088 3680; x_wconf 79' lang='lat'><strong>8⁹</strong></span> <span class='ocrx_word' id='word_1_258' title='bbox 1105 3627 1217 3693; x_wconf 70' lang='lat' dir='ltr'><strong>(huual.</strong></span> 
     </span>
     <span class='ocr_line' id='line_1_33' title="bbox 138 3707 1218 3783; baseline 0.001 -17"><span class='ocrx_word' id='word_1_259' title='bbox 138 3711 224 3768; x_wconf 69' lang='lat' dir='ltr'><strong>hond.</strong></span> <span class='ocrx_word' id='word_1_260' title='bbox 242 3708 342 3762; x_wconf 82' lang='lat' dir='ltr'><strong>horso.</strong></span> <span class='ocrx_word' id='word_1_261' title='bbox 359 3708 392 3760; x_wconf 90' lang='lat' dir='ltr'><strong>T.</strong></span> <span class='ocrx_word' id='word_1_262' title='bbox 410 3709 475 3775; x_wconf 67' lang='grc' dir='ltr'><strong>Ν).</strong></span> <span class='ocrx_word' id='word_1_263' title='bbox 519 3707 606 3783; x_wconf 72' lang='lat' dir='ltr'><strong>Atque</strong></span> <span class='ocrx_word' id='word_1_264' title='bbox 629 3733 685 3768; x_wconf 84' lang='lat' dir='ltr'><strong>non</strong></span> <span class='ocrx_word' id='word_1_265' title='bbox 710 3714 796 3768; x_wconf 87' lang='lat' dir='ltr'><strong>solum</strong></span> <span class='ocrx_word' id='word_1_266' title='bbox 816 3715 843 3766; x_wconf 89' lang='lat' dir='ltr'><strong>in</strong></span> <span class='ocrx_word' id='word_1_267' title='bbox 861 3714 1001 3778; x_wconf 80' lang='lat' dir='ltr'><strong>doctrina,</strong></span> <span class='ocrx_word' id='word_1_268' title='bbox 1028 3714 1075 3766; x_wconf 78' lang='lat' dir='ltr'><strong>ssd</strong></span> <span class='ocrx_word' id='word_1_269' title='bbox 1092 3713 1171 3766; x_wconf 80' lang='lat' dir='ltr'><strong>etism</strong></span> <span class='ocrx_word' id='word_1_270' title='bbox 1190 3715 1218 3767; x_wconf 88' lang='lat' dir='ltr'><strong>its</strong></span> 
     </span>
     <span class='ocr_line' id='line_1_34' title="bbox 138 3787 1218 3872; baseline 0.003 -18"><span class='ocrx_word' id='word_1_271' title='bbox 138 3797 334 3854; x_wconf 74' lang='lat' dir='ltr'><strong>vocabulorum</strong></span> <span class='ocrx_word' id='word_1_272' title='bbox 358 3787 529 3868; x_wconf 77' lang='lat' dir='ltr'><strong>quorundam</strong></span> <span class='ocrx_word' id='word_1_273' title='bbox 554 3817 601 3851; x_wconf 92' lang='lat' dir='ltr'><strong>usu</strong></span> <span class='ocrx_word' id='word_1_274' title='bbox 619 3799 741 3856; x_wconf 86' lang='lat' dir='ltr'><strong>Cornuto</strong></span> <span class='ocrx_word' id='word_1_275' title='bbox 760 3801 941 3872; x_wconf 86' lang='lat' dir='ltr'><strong>Chrysippum</strong></span> <span class='ocrx_word' id='word_1_276' title='bbox 968 3800 1047 3852; x_wconf 84' lang='lat' dir='ltr'><strong>luisse</strong></span> <span class='ocrx_word' id='word_1_277' title='bbox 1070 3811 1218 3870; x_wconf 71' lang='lat' dir='ltr'><strong>suenum,</strong></span> 
     </span>
     <span class='ocr_line' id='line_1_35' title="bbox 139 3884 1217 3957; baseline 0.009 -19"><span class='ocrx_word' id='word_1_278' title='bbox 139 3884 256 3940; x_wconf 79' lang='lat' dir='ltr'><strong>dubitari</strong></span> <span class='ocrx_word' id='word_1_279' title='bbox 277 3884 382 3956; x_wconf 83' lang='lat' dir='ltr'><strong>nequit:</strong></span> <span class='ocrx_word' id='word_1_280' title='bbox 402 3907 425 3940; x_wconf 85' lang='lat' dir='ltr'><strong>r.</strong></span> <span class='ocrx_word' id='word_1_281' title='bbox 442 3885 541 3941; x_wconf 78' lang='lat' dir='ltr'><strong>Adnot.</strong></span> <span class='ocrx_word' id='word_1_282' title='bbox 559 3887 617 3942; x_wconf 81' lang='lat' dir='ltr'><strong>etit.</strong></span> <span class='ocrx_word' id='word_1_283' title='bbox 634 3888 668 3941; x_wconf 83' lang='lat' dir='ltr'><strong>od</strong></span> <span class='ocrx_word' id='word_1_284' title='bbox 686 3907 709 3941; x_wconf 85' lang='lat' dir='ltr'><strong>c.</strong></span> <span class='ocrx_word' id='word_1_285' title='bbox 720 3892 766 3942; x_wconf 73' lang='lat' dir='ltr'><strong>to</strong></span> <span class='ocrx_word' id='word_1_286' title='bbox 783 3891 819 3941; x_wconf 77' lang='grc'><strong>15</strong></span> <span class='ocrx_word' id='word_1_287' title='bbox 837 3888 1041 3957; x_wconf 74' lang='lat' dir='ltr'><strong>et²².p.192.</strong></span> <span class='ocrx_word' id='word_1_288' title='bbox 1075 3888 1217 3947; x_wconf 76' lang='lat' dir='ltr'><strong>Animadv.</strong></span> 
     </span>
     <span class='ocr_line' id='line_1_36' title="bbox 140 3971 1220 4050; baseline 0.006 -24"><span class='ocrx_word' id='word_1_289' title='bbox 140 3974 173 4027; x_wconf 86' lang='lat' dir='ltr'><strong>sd</strong></span> <span class='ocrx_word' id='word_1_290' title='bbox 193 3993 217 4028; x_wconf 82' lang='lat' dir='ltr'><strong>e.</strong></span> <span class='ocrx_word' id='word_1_291' title='bbox 237 3977 281 4030; x_wconf 76' lang='lat'><strong>12.</strong></span> <span class='ocrx_word' id='word_1_292' title='bbox 301 3977 344 4028; x_wconf 81' lang='lat' dir='ltr'><strong>ii.</strong></span> <span class='ocrx_word' id='word_1_293' title='bbox 368 3995 393 4048; x_wconf 88' lang='lat' dir='ltr'><strong>p.</strong></span> <span class='ocrx_word' id='word_1_294' title='bbox 412 3979 475 4034; x_wconf 65' lang='lat' dir='ltr'><strong>lii.</strong></span> <span class='ocrx_word' id='word_1_295' title='bbox 518 3971 644 4028; x_wconf 80' lang='lat' dir='ltr'><strong>Ceterum</strong></span> <span class='ocrx_word' id='word_1_296' title='bbox 662 3974 780 4028; x_wconf 83' lang='lat' dir='ltr'><strong>tlissrsos</strong></span> <span class='ocrx_word' id='word_1_297' title='bbox 797 3973 899 4026; x_wconf 77' lang='lat' dir='ltr'><strong>ridetur</strong></span> <span class='ocrx_word' id='word_1_298' title='bbox 915 3972 1057 4050; x_wconf 82' lang='lat' dir='ltr'><strong>Chrysippi</strong></span> <span class='ocrx_word' id='word_1_299' title='bbox 1074 3978 1142 4033; x_wconf 85' lang='lat' dir='ltr'><strong>liher</strong></span> <span class='ocrx_word' id='word_1_300' title='bbox 1159 3987 1220 4049; x_wconf 69' lang='lat' dir='ltr'><strong>nupt</strong></span> 
     </span>
     <span class='ocr_line' id='line_1_37' title="bbox 142 4058 1216 4140; baseline 0.007 -28"><span class='ocrx_word' id='word_1_301' title='bbox 142 4058 280 4132; x_wconf 67' lang='grc' dir='ltr'><strong>θεότιμος,</strong></span> <span class='ocrx_word' id='word_1_302' title='bbox 291 4062 322 4114; x_wconf 83' lang='lat' dir='ltr'><strong>ds</strong></span> <span class='ocrx_word' id='word_1_303' title='bbox 330 4063 504 4122; x_wconf 67' lang='lat' dir='ltr'><strong>sinuatione.</strong></span> <span class='ocrx_word' id='word_1_304' title='bbox 515 4063 637 4118; x_wconf 81' lang='lat' dir='ltr'><strong>laudatus</strong></span> <span class='ocrx_word' id='word_1_305' title='bbox 645 4059 735 4116; x_wconf 75' lang='lat' dir='ltr'><strong>Schol.</strong></span> <span class='ocrx_word' id='word_1_306' title='bbox 743 4062 811 4116; x_wconf 66' lang='lat' dir='ltr'><strong>Plan</strong></span> <span class='ocrx_word' id='word_1_307' title='bbox 823 4081 848 4135; x_wconf 88' lang='lat' dir='ltr'><strong>p.</strong></span> <span class='ocrx_word' id='word_1_308' title='bbox 854 4061 998 4120; x_wconf 81' lang='lat' dir='ltr'><strong>titltnhnl.</strong></span> <span class='ocrx_word' id='word_1_309' title='bbox 1004 4069 1044 4140; x_wconf 88' lang='lat' dir='ltr'><strong>(p.</strong></span> <span class='ocrx_word' id='word_1_310' title='bbox 1052 4071 1105 4123; x_wconf 74' lang='grc'><strong>315</strong></span> <span class='ocrx_word' id='word_1_311' title='bbox 1111 4066 1216 4136; x_wconf 75' lang='grc' dir='ltr'><strong>ΒοΙιΙι.)]</strong></span> 
     </span>
    </p>
   </div>
   <div class='ocr_carea' id='block_1_4' title="bbox 203 4149 1145 4227">
    <p class='ocr_par' dir='ltr' id='par_1_5' title="bbox 203 4149 1145 4227">
     <span class='ocr_line' id='line_1_38' title="bbox 203 4149 1145 4227; baseline 0.007 -23"><span class='ocrx_word' id='word_1_312' title='bbox 203 4149 240 4217; x_wconf 83' lang='grc'><strong>“)</strong></span> <span class='ocrx_word' id='word_1_313' title='bbox 259 4149 370 4217; x_wconf 85' lang='lat' dir='ltr'><strong>[Eadem</strong></span> <span class='ocrx_word' id='word_1_314' title='bbox 390 4153 485 4225; x_wconf 80' lang='lat' dir='ltr'><strong>llsynii</strong></span> <span class='ocrx_word' id='word_1_315' title='bbox 505 4153 555 4211; x_wconf 81' lang='lat' dir='ltr'><strong>suit</strong></span> <span class='ocrx_word' id='word_1_316' title='bbox 573 4151 703 4209; x_wconf 82' lang='lat' dir='ltr'><strong>sententis</strong></span> <span class='ocrx_word' id='word_1_317' title='bbox 721 4151 755 4206; x_wconf 83' lang='lat' dir='ltr'><strong>sd</strong></span> <span class='ocrx_word' id='word_1_318' title='bbox 773 4152 931 4226; x_wconf 82' lang='lat' dir='ltr'><strong>Apollodor.</strong></span> <span class='ocrx_word' id='word_1_319' title='bbox 948 4154 981 4210; x_wconf 87' lang='grc' dir='ltr'><strong>Τ.</strong></span> <span class='ocrx_word' id='word_1_320' title='bbox 994 4156 1013 4210; x_wconf 89' lang='lat' dir='ltr'><strong>l.</strong></span> <span class='ocrx_word' id='word_1_321' title='bbox 1033 4178 1059 4227; x_wconf 79' lang='lat' dir='ltr'><strong>p.</strong></span> <span class='ocrx_word' id='word_1_322' title='bbox 1072 4157 1145 4220; x_wconf 64' lang='lat' dir='ltr'><strong>CCC]</strong></span> 
     </span>
    </p>
   </div>
   <div class='ocr_carea' id='block_1_5' title="bbox 0 0 1496 4825">
    <p class='ocr_par' dir='ltr' id='par_1_6' title="bbox 0 0 1496 4825">
     <span class='ocr_line' id='line_1_39' title="bbox 0 0 1496 4825; baseline 0 2"><span class='ocrx_word' id='word_1_323' title='bbox 0 0 1496 4825; x_wconf 95' lang='lat' dir='ltr'><strong> </strong></span> 
     </span>
    </p>
   </div>
  </div>
 </body>
</html>
