2984 4825
555 360 848 423 ..449·..,

132 550 166 589 en
199 540 231 589 nt
253 527 368 591 deicio
390 539 421 589 et
449 525 527 587 coeii
557 538 667 587 natrice
696 527 786 604 ignea
816 539 878 596 cst,
909 537 987 587 teste
1010 523 1210 606 eornu101).

131 630 221 693 Unde
247 644 278 693 et
301 632 441 693 Boethus
463 628 584 691 Stoicus
606 629 640 689 in
667 628 751 689 libro
778 626 818 689 de
838 639 953 689 notura
972 627 1056 708 apud
1078 624 1212 689 eundem

130 730 327 812 Laertiumss)
351 731 402 793 dei
424 743 568 793 naturam
589 731 669 791 nihil
690 728 775 791 aliud
801 748 866 791 csse
888 727 979 804 dicit,
1000 750 1093 809 quam
1114 740 1213 791 astro·

130 856 199 897 rum
221 836 425 897 inerrantium
447 836 629 915 sphaeram,
651 825 774 899 ουάίαν
797 832 904 907 decri,
930 830 994 914 caio
1012 834 1077 899 coir
1100 828 1212 899 tirric-

130 936 198 1003 νῶν
220 949 375 1020 σφαῖραν.
418 938 458 999 Et
476 939 536 999 hoc
559 935 686 1018 quidem
708 954 801 995 sensu
819 932 925 995 Stoico
945 933 1139 995 verissimum
1157 947 1212 1011 est,

131 1050 162 1099 et
183 1058 252 1099 cum
273 1039 635 1117 Zenonis„Poeidonii,
658 1036 844 1117 Chrysippi,
866 1035 1003 1114 Epicteti
1026 1046 1057 1095 et
1078 1033 1212 1097 Senecae

130 1142 284 1203 sententia
299 1143 378 1203 mire
395 1142 547 1221 congruit.
591 1140 671 1203 Nam
687 1139 795 1215 Stoici,
814 1150 891 1199 teste
909 1136 1018 1199 eodem
1034 1137 1162 1197 Laertio
1175 1136 1212 1220 ⁵),

131 1246 220 1305 illum
242 1246 359 1324 ignem,
382 1267 473 1328 quem
494 1265 676 1326 supremum
697 1244 806 1319 deum,
825 1258 1001 1321 supremam
1022 1250 1157 1301 mentem
1180 1251 1213 1301 et

129 1349 281 1409 rationem
312 1362 355 1413 et.
372 1352 498 1412 aethora
528 1349 746 1429 appellabant,
779 1347 814 1407 in
842 1361 989 1424 supremo
1017 1343 1211 1403 collocabant

129 1452 232 1527 coelo,
262 1452 368 1532 ibique
391 1452 524 1531 primum
547 1449 684 1511 siderum
708 1448 912 1510 inerrantium
935 1447 1062 1525 globum
1082 1465 1212 1524 genera·

128 1565 193 1613 tum
216 1574 280 1614 esse
301 1555 526 1634 opinabantur,
555 1546 714 1619 donaticas
736 1552 823 1616 sient
845 1545 884 1617 sd
909 1553 996 1632 caup,
1025 1545 1065 1615 ὃν
1088 1545 1130 1630 δὴ
1156 1552 1211 1613 oi·

126 1655 213 1738 θέρα
234 1660 420 1733 καλεῖσθαι,
442 1662 478 1722 ἐν
501 1647 526 1741 ᾧ
548 1650 685 1738 πρώτην
706 1649 772 1733 τὴν
792 1651 860 1719 τῶν
881 1643 1044 1717 ἀπλανῶν
1065 1664 1211 1732 σφαῖραν

126 1758 329 1838 γεννᾶσθαι.
381 1758 490 1836 ltaque
514 1776 582 1817 cum
604 1753 680 1817 deus
702 1752 785 1813 haud
808 1753 886 1812 aliua
908 1752 1046 1813 essetab
1074 1753 1211 1823 aethere,

127 1858 160 1916 in
190 1875 254 1937 quo
285 1855 409 1917 divinoe
440 1858 552 1917 mentis
582 1855 777 1935 principatus
808 1853 1044 1929 dominabatur,
1076 1873 1210 1934 cumque

128 1978 169 2019 ex
189 1958 314 2019 aethere
341 1957 461 2037 pariter
488 1966 644 2021 constaret
670 1967 828 2019 astrorum
853 1957 1061 2019 inerrantium
1088 1957 1210 2035 globus,

127 2060 200 2121 hinc
227 2058 278 2121 dei
304 2067 335 2121 ct
362 2071 518 2125 astrorum
546 2060 753 2125 inerrantium
781 2060 867 2140 globi
895 2072 1004 2140 utpote
1034 2080 1075 2121 ex
1099 2058 1208 2122 eodem

126 2164 252 2223 aethere
285 2162 492 2223 constantium
525 2174 637 2225 natura
670 2161 777 2225 eadem
810 2182 877 2224 esse
909 2160 1082 2223 necessario
1115 2160 1210 2223 debc-

128 2267 190 2326 bat.
245 2264 356 2345 Neque
387 2264 435 2327 bis
466 2262 670 2327 adversantur
696 2265 802 2341 Zeno,
835 2263 1029 2344 Chrysippus
1061 2274 1092 2325 et
1121 2264 1209 2325 Posi·

127 2366 240 2430 danius
269 2387 308 2428 ex
335 2367 484 2430 universo
512 2365 648 2444 mundo,
680 2386 744 2430 non
772 2377 877 2428 autem
906 2386 946 2430 cx
974 2369 1042 2432 solo
1071 2369 1208 2444 astitere,

126 2469 178 2532 dei
205 2483 347 2532 naturam
375 2483 515 2532 constare
538 2471 737 2535 affirmantes.
780 2471 863 2534 Nam
892 2491 961 2534 cum
982 2483 1110 2552 praeter
1130 2472 1208 2534 alios

124 2573 306 2636 innumeros
329 2573 437 2637 doceat
457 2576 647 2655 Augustinus
662 2573 701 2659 4),
720 2573 933 2639 doctissimum
950 2577 1137 2649 Varronem,
1159 2575 1209 2636 coi

124 2676 296 2754 plurimum
319 2677 433 2736 merito
455 2676 582 2754 tribuit,
611 2677 644 2749 ip
672 2695 727 2738 sua
754 2677 848 2740 fateri
868 2677 1038 2756 Theologia
1063 2676 1207 2748 naturali,

124 2779 258 2838 auitnem
289 2777 397 2840 natandi
419 2777 573 2862 (aethera)
599 2801 634 2842 sc
660 2793 764 2859 partes
786 2780 852 2842 eius
874 2778 928 2864 (ex
950 2780 1064 2862 quibus¹
1087 2791 1212 2843 constat

123 2879 288 2942 universus
311 2878 459 2964 mundos)
482 2900 572 2944 veros
596 2879 776 2958 decresse,
810 2901 942 2964 cumque
969 2882 1051 2944 nihil
1078 2883 1112 2944 in
1138 2882 1209 2945 uni-

122 2983 272 3044 versitate
294 3005 400 3046 rerum
420 3001 482 3046 non
505 2984 545 3046 sit
567 2983 650 3066 apud
668 2984 791 3048 Stoicos
813 3005 886 3065 pars
907 2985 959 3046 dei
980 2983 1130 3060 deificata,
1152 3005 1207 3046 seu

123 3085 227 3148 divini
248 3089 400 3166 particula
423 3089 528 3163 anistri,
553 3101 589 3150 ut
610 3091 670 3163 sol,
691 3091 775 3163 luna,
802 3090 911 3150 stellae
933 3100 1002 3160 etc,
1029 3105 1083 3148 esu
1106 3085 1206 3146 divini

124 3209 197 3266 pars
221 3189 381 3266 corporis,
403 3200 437 3246 ut
461 3200 560 3264 terra,
583 3209 669 3248 mare
693 3201 763 3264 etc,
787 3189 859 3250 binc
878 3202 963 3250 recte
983 3191 1083 3263 Zeno,
1106 3187 1206 3268 Chry·

122 3289 233 3366 cippus
255 3299 286 3346 et
308 3285 493 3350 Posidonius
516 3287 549 3348 in
578 3288 661 3350 bisce
689 3289 833 3350 omnibus
861 3287 912 3349 dei
940 3303 1084 3353 naturam
1113 3308 1206 3369 repo·

122 3401 212 3450 nunt.
256 3386 348 3450 Unde
369 3399 399 3448 et
419 3387 535 3450 Seneca
549 3387 592 3473 ⁵):
614 3393 683 3452 deus
704 3405 744 3454 est
765 3404 862 3468 totum,
883 3395 960 3474 qood
975 3395 1094 3468 offlam,
1114 3387 1203 3474 et⁶):

122 3495 192 3577 quid
221 3505 261 3553 ess
290 3494 382 3553 deris?
413 3496 490 3575 prod
519 3495 594 3556 vides
623 3507 727 3572 torosa,
759 3507 786 3557 et
813 3498 891 3578 quod
918 3519 972 3558 non
1001 3499 1075 3560 uides
1105 3507 1205 3558 taum.

120 3592 268 3655 Eiusdem
299 3607 330 3655 et
359 3594 459 3672 gentis
489 3607 520 3657 et
552 3607 652 3658 sectae
679 3596 822 3660 Lucanus
838 3596 868 3680 ⁷)
889 3596 1028 3661 Stoicum
1052 3596 1202 3658 Catonem

121 3699 166 3759 sic
188 3696 289 3760 Stoice
312 3698 493 3778 loquentem
512 3696 651 3759 inducit:

165 3804 248 3862 Estne
270 3802 431 3876 dorcades,
454 3805 507 3862 nisi
525 3814 621 3877 terra,
644 3814 670 3862 et
688 3815 806 3882 motas,
829 3813 855 3862 et
877 3810 967 3875 οἵω·

193 3959 223 4022 1)
244 3956 310 4028 Cap.
328 3961 353 4010 d.
374 3975 432 4028 pag.
449 3959 509 4008 140.
696 3963 728 4028 2)
747 3960 811 4031 Peg.
831 3961 893 4016 199.

191 4047 223 4110 a)
242 4045 306 4116 rag.
328 4048 388 4098 tor.
408 4043 477 4111 [vti.
498 4045 571 4112 tac]
692 4049 724 4114 a)
745 4049 786 4100 ne
804 4047 852 4102 etv.
871 4047 924 4102 net
941 4047 1000 4114 vlt,
1015 4051 1042 4102 a.

191 4137 222 4198 5)
242 4132 351 4200 Quacst.
371 4142 425 4186 nat.
443 4130 475 4196 ii,
495 4135 537 4186 45.
695 4138 725 4202 a)
744 4136 833 4192 Praei.
851 4145 952 4208 quaest.
972 4145 1026 4190 nat.

190 4225 223 4288 ¹1)
243 4221 332 4277 Phara.
351 4222 397 4288 lx,
417 4223 469 4274 518
488 4240 527 4290 sq.

875 4331 917 4389 29
