2984 4825
676 346 718 357 -·
767 331 869 374 mett
912 344 955 357 -·

271 481 378 545 atinam
406 492 439 542 at
465 476 655 559 theologiam
682 477 918 559 perdiaeeodam
937 476 1043 542 Stoica
1070 478 1291 561 philosophia,
1321 494 1356 543 ut

169 576 172 585 '
271 585 338 647 aine
360 605 396 646 ea
417 594 521 665 patrea
542 582 739 643 ecoleeiaetici
759 604 819 647 nec
838 582 983 662 intelligi,
1003 580 1100 643 immo
1115 602 1181 644 non
1196 584 1271 645 aatia
1286 596 1354 647 tuto

270 688 333 765 legi
348 699 474 770 queant,
498 686 558 748 niai
571 686 657 763 eciaa,
679 704 759 768 quot
779 704 903 748 errorea
921 687 1016 764 reaigo
1034 696 1181 765 receptet
1191 684 1354 766 impugna·

270 788 390 867 verint,
410 808 489 872 quoe
507 788 570 870 ipai
590 786 774 850 admiserint
793 800 826 850 et
842 790 1050 866 retinuerint,
1072 788 1195 849 ethnica
1214 789 1352 869 philoco-

159 938 171 945 -
269 892 345 974 phin
364 890 491 969 aedani,
512 892 606 972 quam
629 890 718 970 priua
739 890 898 971 complexi
915 891 1041 953 inerant
1058 910 1202 974 quaeque
1218 903 1267 953 tot
1279 893 1353 953 hae-

269 995 386 1057 reeinm
408 994 453 1057 ita
474 992 564 1071 origo
586 992 646 1053 lnit
667 1006 700 1053 et
719 992 790 1055 lona
810 994 960 1074 perennia
980 1006 1046 1071 aet,
1068 994 1156 1056 coint
1174 994 1272 1057 aolino
1291 1013 1352 1075 ope

270 1108 413 1161 veterum
434 1095 663 1157 haereticorum
684 1095 816 1175 placita,
843 1096 877 1159 id
899 1108 946 1159 eat
967 1096 1183 1159 difficillimam
1204 1097 1351 1159 hiatoriae

271 1199 494 1261 eodeaiaetioae
524 1208 647 1278 partem
677 1216 861 1277 cognoscere
890 1221 998 1282 queaa.
1050 1199 1198 1262 Sanctum
1227 1220 1351 1283 qunque

271 1302 404 1363 Paulum
436 1301 543 1363 multia
574 1302 607 1361 in
640 1301 717 1363 looia
747 1301 886 1365 iltoatmt
918 1315 949 1364 et
979 1301 1130 1365 dilucidat
1160 1303 1349 1366 Stoiciamua.

271 1404 440 1465 Salmasius
468 1403 544 1465 Not.
573 1402 606 1465 in
634 1402 769 1484 Epictet.
798 1418 830 1469 et
859 1405 1001 1486 Simplio.
1028 1426 1061 1486 p.
1082 1409 1157 1467 119.
1182 1405 1231 1467 ed.
1250 1404 1348 1483 Lngd.

272 1508 342 1569 Bet.
364 1509 440 1568 haec
460 1507 568 1589 habet:
597 1507 749 1582 „Paulum
771 1506 865 1569 luiaae
885 1520 969 1569 aeota
987 1508 1201 1585 Phariaaeum‚
1221 1528 1261 1569 ex
1279 1508 1348 1591 ipao

271 1611 393 1674 animoa.
435 1608 619 1673 Pharieaeoe
636 1621 740 1671 autem
760 1630 830 1671 oum
851 1610 965 1673 Stoicia
986 1610 1089 1694 quood
1111 1611 1291 1691 opinionem
1310 1609 1348 1673 de

269 1716 410 1777 moribua
428 1714 462 1775 in
484 1711 629 1794 plurimia
647 1712 838 1792 convenicae,
858 1714 1009 1795 loeephna
1026 1726 1170 1777 teatatur.
1211 1715 1348 1777 Maxime

270 1817 349 1879 illud
369 1818 527 1895 Stoicum,
548 1813 633 1897 quod
655 1814 688 1876 in
710 1815 828 1903 nundin
847 1807 1007 1884 lanienae
1025 1818 1151 1895 atomio,
1172 1829 1203 1879 et
1222 1828 1346 1897 peccata

269 1922 492 2003 pnaaioneaqne
513 1918 609 1979 enimi
630 1915 714 1980 haud
737 1918 806 1981 eina
828 1918 959 2002 διανοίᾳ
982 1917 1053 1981 lieri
1074 1930 1192 1994 oeneet,
1220 1920 1281 1980 lton
1300 1932 1348 1980 eat

270 2024 403 2106 epium-’²
454 2023 664 2104 Hieronymua
686 2021 823 2084 Stoicam
845 2021 1041 2103 diaeiplinam
1062 2022 1249 2085 aimillimam
1269 2019 1346 2081 dicit

270 2126 464 2191 Chriatianae
486 2126 641 2205 religioni.
685 2126 727 2188 V.
750 2138 783 2187 et
802 2126 956 2187 Brucker.
977 2126 1015 2186 T.
1031 2126 1057 2187 l.
1078 2146 1110 2206 p.
1130 2126 1189 2198 26,
1218 2122 1273 2183 ubi
1293 2141 1345 2183 ao·

268 2230 433 2292 lidioribue
450 2231 633 2311 comprobat
648 2229 849 2307 munientia,
869 2227 964 2289 eacria
981 2228 1096 2289 litteria
1112 2227 1212 2287 lucem
1229 2224 1345 2285 inierre

268 2332 444 2394 Stoicorum
463 2331 643 2411 dogmatum
661 2327 921 2415 cognitionamt).
961 2326 1048 2391 Idam
1064 2339 1097 2389 et
1111 2347 1263 2389 nummum
1280 2329 1345 2391 eiua

338 2581 362 2652 ⁸)
382 2581 445 2651 [liic
467 2583 556 2636 insero
579 2580 781 2638 adnotationem
799 2581 940 2637 Villoieoni
960 2582 1013 2637 loci
1036 2581 1145 2654 quidem
1168 2579 1276 2646 incerti,
1300 2577 1345 2632 aed

267 2671 296 2725 in
315 2669 355 2724 hia
371 2669 630 2744 Pmlegomenomm
649 2671 753 2726 achedie
776 2681 922 2745 repertam:
951 2671 1114 2740 „Eusebium
1139 2679 1205 2726 teste
1221 2667 1344 2723 Fabricio

268 2777 295 2830 p·
312 2761 366 2814 398
384 2769 410 2812 et
429 2761 496 2826 ott,
521 2759 670 2832 origenem
690 2779 704 2814 a
723 2760 837 2815 Cornuti
860 2760 964 2832 scriptia
988 2759 1161 2831 allegoricam
1183 2757 1343 2830 theologiam

266 2844 399 2898 ethnicam
418 2844 610 2917 interpretandi
622 2849 732 2902 modum
751 2849 873 2904 didieiaaa
888 2869 905 2902 e
916 2847 1069 2922 Porphyrio
1082 2848 1182 2903 acrihit.
1215 2846 1262 2901 ste
1277 2845 1345 2900 Gale

266 2931 356 2986 Praei.
382 2931 447 2986 dicit
472 2932 601 3003 Cornuti,
630 2955 711 3008 quem
737 2937 814 2991 totiea
839 2936 1005 3010 Porphyrius
1030 2936 1121 2993 laudat
1146 2930 1345 3004 mummia

266 3019 400 3074 acrihendi
418 3019 529 3074 modum
548 3022 696 3096 Origenem
715 3035 742 3078 et
760 3024 888 3081 Proclnm
910 3026 1026 3078 imitator
1047 3043 1111 3079 eane.
1154 3023 1206 3078 lac.
1226 3022 1344 3076 Thoma-

265 3108 318 3162 aiut
336 3108 406 3164 Diae.
424 3113 475 3178 19,
501 3130 570 3183 quae
593 3111 749 3168 inscribitur
772 3112 925 3185 „Origenes
949 3112 1038 3184 aliqua
1063 3131 1093 3164 ea
1116 3121 1191 3184 parte
1215 3109 1344 3178 stolam,

264 3195 303 3250 ait:
328 3195 407 3252 hahet
431 3218 458 3269 p.
475 3202 541 3254 21οι
567 3198 627 3254 Hoc
650 3199 777 3271 equidem
801 3211 918 3266 conciat,
944 3198 1092 3271 Origenem
1110 3199 1248 3254 Pantaeno
1265 3217 1344 3252 naum

266 3301 322 3336 ente
345 3295 518 3356 praeceptore
542 3297 628 3340 metae
648 3285 754 3341 Stoicae
777 3286 951 3342 mientiadmo
975 3285 1090 3356 (ttalloia
1107 3287 1138 3340 1..
1155 3285 1177 3340 l.
1195 3285 1273 3356 Orig.
1290 3283 1344 3339 dei.

193 3428 197 3436 ,
264 3389 286 3424 c.
305 3373 329 3422 1.
348 3371 428 3439 to),
452 3390 531 3426 naum
550 3391 659 3445 quoque
678 3374 858 3430 voluminibus
875 3373 1067 3430 Chaeremonia
1083 3374 1168 3431 Stoici
1184 3384 1211 3427 et
1228 3371 1345 3426 Cornuti

264 3456 388 3528 (Niceph.
407 3460 482 3525 xiil,
500 3464 516 3515 t
536 3479 550 3511 a
569 3461 748 3534 Porphyrio),
767 3481 818 3535 pro
838 3464 951 3535 quibua,
969 3475 999 3518 ut
1017 3462 1104 3518 ohiter
1120 3476 1259 3524 moneam,
1277 3477 1344 3529 per-

266 3563 358 3617 peram
376 3546 452 3600 Zeno
468 3558 494 3600 et
512 3546 655 3602 Cerinthue
672 3563 858 3606 memorantur
874 3553 946 3624 apud
963 3553 1131 3624 iiaymonem
1149 3547 1180 3602 C.
1198 3564 1264 3602 eaor.
1281 3544 1344 3599 hiat.

182 3711 185 3717 Ι
265 3631 300 3686 tlt
319 3634 358 3704 (p.
373 3637 427 3688 tot
447 3633 488 3688 ed.
506 3631 643 3690 (icioma.
663 3638 733 3690 1600
756 3649 782 3692 et
799 3658 826 3709 p.
841 3643 894 3692 lto
912 3640 954 3693 ed.
969 3639 1094 3712 Lugdun.
1111 3658 1136 3692 a.
1152 3637 1222 3690 etto
1240 3653 1271 3688 ea
1288 3652 1343 3688 rec.

265 3719 431 3791 Borhornii).
468 3720 569 3778 Contra
595 3721 733 3776 Fabricius
756 3723 839 3779 T.11.
865 3744 891 3796 p.
909 3725 976 3781 54⁰:
1004 3725 1123 3792 „Utrum
1147 3741 1210 3776 aero
1233 3721 1267 3775 ah
1290 3717 1344 3774 hoc

266 3805 389 3863 Cornuto
411 3809 556 3882 allegoriae
578 3810 735 3866 methodum
758 3811 892 3882 acceperit
914 3811 1065 3880 Cornutus,
1088 3823 1119 3867 ut
1142 3812 1227 3866 tinum
1247 3806 1345 3874 Galen,

266 3895 313 3966 qni
332 3896 360 3950 in
379 3913 411 3949 eo
434 3909 606 3968 praeeuntem
624 3898 703 3953 hahet
719 3897 865 3952 Enaehium
882 3899 948 3955 Hiat.
967 3899 1030 3956 ecch
1048 3899 1067 3952 l.
1082 3917 1123 3966 e..
1146 3897 1276 3952 iudicium
1293 3896 1345 3950 erit

265 3992 348 4054 pterea
365 4001 419 4050 eoa,
437 3985 529 4054 quiin
547 3987 672 4058 Aegypto
690 3986 736 4040 diu
756 3997 819 4042 ante
836 3984 989 4042 Cornutum
1007 3988 1078 4043 hanc
1095 3985 1250 4040 methodum
1267 3983 1343 4038 inea-

265 4067 351 4136 luiaae,
371 4067 545 4126 Alexandriae
562 4085 651 4128 autem
669 4073 816 4128 litterarum
828 4075 925 4130 atudiia
937 4076 1099 4132 innutritum
1115 4093 1170 4130 cate
1184 4071 1343 4143 origenem,

265 4157 383 4228 cogitare
396 4155 512 4212 volunt?
545 4157 725 4231 Hieronymua
737 4161 820 4236 Epist.
833 4162 868 4218 ed
881 4162 1014 4237 Magnum
1030 4163 1064 4220 Τ.
1075 4164 1123 4220 Vi.
1136 4181 1164 4235 p.
1173 4163 1241 4216 tter
1259 4162 1344 4212 Hune
