2984 4825
581 350 624 369 -ι-
679 332 760 375 utu
813 347 857 363 *-

183 497 252 544 aem
275 481 442 545 verborum
464 479 608 561 opificem
633 491 741 558 vocat,
769 492 803 542 et
827 478 868 543 de
893 478 1010 544 finibus
1029 479 1071 541 lll
1093 490 1126 539 et
1145 479 1263 559 passim

181 584 256 645 alibi
279 604 348 647 eum
370 602 432 645 non
458 594 521 643 tam
548 602 653 645 rerum
681 582 877 645 inventorem
903 582 998 645 iciam
1026 603 1119 664 quam
1151 583 1265 644 verbo·

180 706 251 747 rum
273 684 416 750 affirmat.
459 684 499 745 Et
522 682 560 745 de
577 685 637 764 leg.
657 684 670 745 l
693 681 770 745 dicit
791 702 846 744 eoa
866 684 960 745 rebus
980 704 1043 747 non
1064 685 1265 748 commutatio

181 787 392 853 isnatutevisse
408 788 569 864 vocabula,
592 785 684 862 unde,
706 786 824 867 inquit,
845 787 981 847 nascitur
994 806 1059 847 non
1072 806 1188 863 rerum,
1209 784 1264 848 scd

183 892 348 955 vernorum
369 890 535 955 discordia.
579 890 620 951 Et
636 886 729 951 head.
744 889 772 950 11
794 888 950 949 Arcesilas
968 889 1090 950 Zenoni
1101 891 1266 967 obtrectat,

181 1013 252 1055 eum
274 995 355 1055 nihil
378 993 453 1055 novi
475 990 640 1069 reperiam,
663 988 717 1051 sed
731 988 943 1053 emendavisae
958 990 1135 1069 superiores
1153 992 1266 1055 immu-

181 1096 303 1158 tatione
320 1097 509 1172 verborum
530 1104 638 1157 contra
655 1114 745 1175 quem
760 1092 956 1175 Chrysippus
969 1092 1137 1172 scripserat
1151 1093 1267 1155 librum

182 1197 352 1259 Plutarcho
367 1196 535 1275 laudatum,
557 1199 613 1281 qui
628 1197 790 1261 dicebatur
810 1203 846 1264 ni
866 1191 950 1281 πρὸς
967 1191 1188 1278 Ἀρκεσίλαον
1204 1190 1268 1261 ‹ia-

185 1300 364 1383 osypopos',
396 1298 521 1382 dequo
542 1322 572 1367 v.
595 1301 718 1381 Menag.
741 1299 782 1362 sd
803 1299 908 1361 laert.
929 1322 961 1381 p.
984 1300 1058 1361 204.
1109 1296 1161 1359 Sic
1181 1294 1267 1377 apud

185 1398 249 1461 Cic.
275 1400 314 1462 dc
333 1401 378 1487 Ν.
397 1402 436 1463 D.
456 1404 521 1479 1,7
549 1406 705 1467 Antiocho
730 1403 830 1466 Stoici
857 1423 893 1465 re
921 1401 1084 1465 concinere
1106 1398 1267 1475 videntur,

182 1502 286 1565 verbis
307 1502 512 1585 discrepara'
538 1506 653 1570 Seneca
677 1507 737 1587 Ep.
761 1510 821 1570 59:
855 1510 990 1570 Permitte
1017 1506 1088 1567 mma·
1114 1509 1157 1567 sti
1181 1504 1268 1563 mdis

179 1608 304 1688 publicu,
323 1630 375 1671 neo
395 1612 446 1671 illa
466 1612 509 1673 nd
522 1612 752 1694 sipmflcmsenem
765 1615 892 1674 Stoicam
909 1630 1019 1673 reuoca.
1063 1603 1152 1681 Quae
1172 1606 1268 1666 verb·

180 1708 293 1773 Stoicis
314 1712 445 1791 proprie
466 1725 498 1774 et
519 1712 718 1777 inCornuto
740 1712 875 1795 proinde
896 1709 1074 1793 frequentia
1097 1709 1131 1769 in
1153 1707 1268 1769 nostris

181 1813 406 1892 explicavimus
427 1814 771 1895 Animadversionibus,
791 1815 831 1879 sd
852 1812 1111 1895 significationem
1131 1810 1269 1872 Stoicam

183 1917 396 1979 revocavimus
419 1928 450 1979 et
474 1919 626 1999 exemptis
647 1920 751 1981 allatis
770 1921 816 1981 ita
838 1916 1108 1992 wnflrursvimus,
1140 1925 1175 1974 ut
1195 1910 1269 1973 inde

182 2036 245 2079 nou
267 2038 365 2099 parva
387 2018 607 2100 philosophico
629 2022 787 2084 scribendi
808 2023 899 2100 genio
920 2020 1004 2100 apud
1023 2017 1145 2081 Stoicos
1161 2027 1269 2079 aucto·

180 2140 231 2183 rea
252 2134 381 2201 recepto
404 2122 527 2203 totique
550 2120 628 2183 adeo
646 2124 785 2203 porticui
802 2126 859 2183 iux
877 2122 1074 2183 accendatur.
1116 2118 1196 2179 Susa
1212 2118 1269 2195 igi·

184 2233 237 2281 tur
257 2222 364 2283 hausit
386 2222 590 2301 etymologias
609 2222 770 2284 Cornutus
790 2243 831 2282 ex
851 2223 999 2300 operibus
1021 2239 1116 2297 supra
1136 2218 1270 2281 laudatis

185 2335 217 2385 et
241 2343 258 2385 e
278 2322 369 2385 libris
387 2320 558 2403 Chrysippi
578 2324 655 2406 rupi
675 2324 742 2389 cmo
764 2316 849 2388 aucti
871 2316 936 2405 τήν
958 2311 1172 2403 διαλιιιιιιιὴν
1192 2316 1270 2387 ὀιο-

180 2420 305 2510 μιίτοιν
326 2422 411 2508 πρὸς
431 2421 576 2508 Ζήνωνα
597 2437 628 2488 et
650 2418 735 2511 πρὸς
757 2419 798 2492 ad
818 2426 895 2510 auspi
916 2423 1092 2509 οημιιοιοὶι
1110 2425 1270 2502 Φίλωνος,

182 2541 213 2592 et
233 2529 373 2612 loyranni
394 2527 509 2596 educo
531 2532 604 2612 aspi
628 2524 692 2604 atio
712 2531 813 2607 λέξεις
834 2529 890 2595 aei
906 2521 969 2596 cdv
983 2519 1066 2594 καθ’
1081 2520 1191 2602 ariade
1207 2525 1268 2596 λό-

181 2656 263 2717 γον,
285 2631 362 2714 napi
386 2632 503 2708 λέξεων
525 2625 715 2716 ἆνομαλιίις
735 2629 824 2715 πρὸς
846 2631 958 2698 Δίωνα
980 2623 1026 2704 δ’,
1052 2627 1137 2708 apud
1158 2629 1267 2693 laert.

183 2755 216 2814 p.
235 2735 315 2810 210,
343 2745 375 2796 et
399 2753 439 2796 ex
461 2734 530 2797 aliis
553 2733 689 2796 eivvsdem
713 2734 804 2798 libris
824 2729 1035 2811 grammaticis
1057 2727 1142 2808 apud
1162 2729 1267 2791 Laert.

185 2857 218 2915 p.
234 2837 294 2896 211
319 2837 504 2912 memoratis,
527 2857 662 2918 quorum
685 2837 803 2898 iactura
825 2837 926 2896 multo
947 2832 1045 2912 magia
1067 2829 1203 2893 dolenda
1221 2844 1268 2894 est

184 2957 278 3019 quam
298 2939 435 3002 omnium
453 2938 589 3002 eimdem
609 2941 763 3002 librorum
778 2938 955 3014 moralium,
976 2949 1012 3000 ut
1031 2924 1195 3016 praeclare
1210 2936 1267 2997 oh·

183 3053 288 3104 servat
317 3042 477 3105 Fabricius
507 3043 633 3118 lll,15.
665 3043 763 3102 Τ.11.
791 3041 919 3118 11393.
971 3039 1161 3098 Praesertim
1192 3057 1268 3102 usus

184 3141 286 3204 iecerat
308 3143 466 3206 Cornutus
494 3143 579 3202 libro
607 3139 857 3223 ἐτυμολογικῶν
878 3131 965 3218 πρὸς
988 3138 1150 3211 Διοκλέα,
1181 3137 1268 3200 cuius

186 3245 327 3306 meminit
346 3246 451 3308 Laert.
474 3247 542 3307 vu.
564 3243 735 3326 Chrysippi
757 3261 789 3321 p.
810 3243 886 3300 212.

269 3347 450 3410 Notandum
482 3359 584 3410 autem
614 3368 650 3407 ea
678 3345 800 3424 omnia,
835 3363 915 3427 quae
944 3339 982 3402 de
1010 3340 1210 3425 physiologia
1239 3354 1271 3403 et

186 3450 343 3530 theologia
361 3451 440 3513 dixit
460 3449 626 3530 Cornutus,
648 3450 681 3512 in
703 3449 799 3512 variis
822 3446 1008 3524 asrctoribus,
1030 3445 1088 3528 qui
1109 3444 1195 3508 varia
1218 3428 1270 3508 v'e·

186 3565 289 3614 terum
311 3551 486 3612 Stoicorum
508 3553 681 3633 lragrrsenta
703 3571 879 3627 servavere,
903 3548 1105 3612 consonantia
1125 3548 1270 3629 reperiri,

187 3648 273 3714 uude
297 3649 456 3710 evidenter
477 3669 607 3733 apparet
628 3655 788 3718 Cornutus
814 3671 922 3716 eorum
950 3651 1064 3714 scrinia
1085 3652 1268 3730 compilasse

186 3766 219 3816 et
240 3752 339 3813 libros
357 3749 542 3830 conlegium
565 3769 600 3815 ut
621 3769 651 3816 et
672 3759 841 3836 pleraeque
863 3751 950 3814 illius
971 3750 1139 3827 allegoriae
1161 3769 1268 3811 occur·

186 3869 262 3921 ruut
285 3857 318 3918 in
342 3852 527 3930 Plutarcho,
557 3853 705 3933 Eusebio,
732 3854 914 3929 Eustathio,
943 3853 974 3911 in
997 3849 1156 3932 Scriptore
1178 3853 1270 3915 Vitae

189 4002 397 4009 ‚-—--—-—
404 4001 474 4008 -ο-α

189 4109 233 4144 ces
249 4091 387 4155 tanarum,
413 4109 435 4144 c.
453 4094 468 4146 i
487 4091 533 4146 fin.
558 4103 584 4146 et
603 4088 776 4162 «ι’δοηφὸρος,
800 4111 823 4144 c.
840 4093 884 4148 32.
901 4111 927 4163 p.
943 4094 1012 4157 tlt,
1039 4091 1136 4147 utalia
1156 4103 1268 4154 taceam,

189 4197 238 4232 suo
256 4195 377 4250 quaeque
396 4177 456 4235 loco
475 4199 490 4234 a
510 4181 587 4234 nobis
605 4180 715 4246 notatu]
