2984 4825
575 352 806 392 ...γ-

153 497 277 569 minem
301 494 617 585 animadverterem,
642 499 710 597 q'ua
731 495 836 569 libelli
857 495 1237 570 conditioneWester·

123 604 125 609 ’
152 624 310 686 mannus,
336 626 405 697 qno
430 599 546 673 minuo
570 599 606 671 in
627 596 962 701 Mythogr'apltorum
980 600 1043 672 Gr.
1064 593 1237 670 eolleetio·

151 728 229 773 netu
257 728 276 772 a
303 726 339 772 se
369 728 399 773 a.
428 700 528 785 1842
560 700 729 797 vulgatam
758 726 835 773 eum
862 701 1067 775 adscisceret
1093 698 1236 772 deterri·

151 818 222 875 tum
250 829 286 875 se
311 828 385 875 esse
410 817 527 877 narrat
551 804 659 905 prael.
681 828 715 903 p.
732 819 807 890 m,
832 801 918 875 illud
937 831 1026 904 opus
1047 800 1100 873 vel
1121 801 1236 902 potius

152 932 240 977 onus
265 904 416 979 humeris
440 905 525 979 meis
542 904 674 1003 imponi
699 932 739 978 eo
762 902 989 980 confidentius
1008 930 1129 1005 passus
1149 930 1237 991 sum,

151 1034 221 1106 quo
248 1007 358 1079 maior
383 1032 463 1105 spes
490 1022 655 1082 ostentata
678 1004 868 1095 videbatur,
895 1006 1021 1079 horum
1043 1005 1235 1080 studiorum

151 1107 338 1181 commodo
364 1107 400 1179 in
427 1105 649 1206 profligando
669 1135 773 1208 opere
796 1108 957 1182 nonniltil
980 1135 1036 1181 tue
1057 1106 1236 1181 allaturum

154 1232 240 1295 esse,
268 1207 361 1309 quod
386 1209 582 1282 incltoatum
610 1226 642 1283 et
665 1211 812 1283 maxima
833 1210 1012 1284 sedulitate
1034 1208 1239 1296 consertum,

153 1312 308 1413 quamvis
325 1339 395 1383 non
414 1311 601 1411 perfectum
624 1338 642 1384 a
663 1312 721 1385 tali
741 1313 815 1385 viro
835 1330 933 1402 esset,
958 1311 1092 1413 qualem
1113 1338 1152 1384 ae
1188 1335 1238 1384 ta'-

155 1413 204 1487 les
233 1410 457 1489 Villoisonum
484 1416 716 1503 nescitarum,
746 1415 945 1517 posterique
976 1433 1014 1489 ut
1048 1339 1236 1514 exemplum

153 1533 406 1601 consummatae
431 1514 608 1593 doetrinae
629 1516 829 1620 ingeniique
855 1517 950 1593 haud
974 1516 1159 1591 mediocris
1182 1544 1239 1589 ae.

157 1616 317 1691 mulaturi
344 1635 441 1705 sunt;
467 1620 565 1693 euius
591 1619 665 1709 riri,
691 1648 721 1713 a.
747 1621 781 1694 d.
805 1638 852 1695 rt.
875 1620 952 1695 Kal.
977 1619 1062 1693 Maii
1088 1647 1117 1693 a.
1139 1619 1238 1693 1805

154 1719 224 1793 loto
254 1719 381 1807 suncti,
415 1720 554 1796 virtutes
587 1724 699 1795 varias
733 1724 793 1822 qui
824 1740 915 1795 reete
941 1723 1118 1795 aestimare
1149 1719 1239 1807 velit,

157 1846 232 1895 eum
259 1821 353 1894 haud
403 1822 510 1923 igebit
544 1824 843 1927 ea··'perlustrare,
880 1824 1037 1927 quaein
1072 1823 1145 1898 eius
1175 1821 1238 1897 riri

154 1925 349 2015 memoriam
378 1848 472 1999 linud
499 1928 631 2002 minore
655 1926 805 2001 veritatis
832 1956 934 2029 quam
953 1919 1096 2027 “pietatis
1122 1924 1239 1998 studio

151 2024 325 2122 eleganter
350 2028 554 2127 conscripsit
584 2031 663 2103 Car,
689 2029 819 2107 Beued.
848 2030 1011 2123 ΗΜ),
1046 2024 1238 2128 discipulus

152 2126 234 2199 olim
262 2130 336 2201 eius
363 2144 396 2199 et
423 2130 570 2214 amicus,
605 2132 840 2227 eontparanda
865 2131 923 2203 illa
948 2156 1027 2203 eunt
1053 2131 1114 2214 iis,
1150 2154 1239 2226 quae

153 2228 275 2300 eodem
304 2252 397 2297 anuo
422 2227 464 2298 tle
489 2229 552 2300 rita
567 2244 607 2298 ·et
625 2228 960 2327 scriptis·Villoisoni
982 2230 1121 2329 copiose
1140 2253 1240 2299 enan

155 2330 242 2401 rarit
259 2326 475 2400 'Chardonus
503 2326 546 2399 de
571 2324 603 2399 la
631 2328 896 2426 Roclre'tte”).'
927 2330 1023 2402 Inter
1046 2354 1149 2432 opera
1177 2356 1237 2402 au-

153 2449 233 2519 tem,
259 2456 348 2532 quae
370 2428 554 2530 aliquando
576 2458 614 2504 se
637 2429 807 2506 editurum
834 2457 907 2506 esse
929 2432 1003 2552 ipse
1024 2431 1238 2531 promiserat,

153 2533 349 2633 quibusque
370 2531 596 2631 profligandis
619 2533 798 2633 repentino
819 2536 917 2628 obitu
940 2534 1146 2610 interclusus
1163 2533 1238 2621 suit,

153 2637 254 2708 etiam
277 2633 418 2708 Cornuti
443 2633 603 2710 libellum·
616 2636 733 2726 luisse,
754 2637 900 2740 ‚epistola
922 2637 1068 2710 Lutetiis
1085 2663 1116 2708 a.
1137 2639 1236 2710 1775

150 2737 200 2810 ad
213 2733 483 2835 Bjiirnstaltlium
501 2738 665 2827 Surdum,
682 2742 972 2838 peregrinatorum
991 2736 1238 2824 doctissimum,
1286 2786 1289 2791 >

154 2838 269 2926 missa,
296 2865 361 2938 qua
388 2838 489 2912 simul
516 2839 620 2913 totius
646 2842 761 2942 operis
784 2845 825 2913 et'
838 2839 972 2916 consilii
993 2840 1047 2913 sui
1070 2839 1236 2912 rationem
1292 2917 1305 2941 ,x

153 2939 323 3030 redderet,
346 2939 596 3040 significaverat
610 2941 698 3044 m),
730 2945 894 3046 promissi
921 2942 1024 3018 huius
1051 2969 1108 3016 sex
1136 2939 1237 3015 annis

153 3100 438 3117 m

216 3174 249 3258 ⁴¹)
271 3175 440 3238 comment.
462 3174 501 3238 tle
521 3177 636 3242 loauue
659 3173 749 3258 Lydo
771 3174 795 3253 l.
818 3177 871 3237 30.

203 3262 236 3304 *⁸
271 3261 430 3340 Melanges
452 3261 642 3346 domitique
664 3273 694 3323 et
715 3260 754 3323 (le
773 3261 946 3342 philologio
966 3259 1006 3322 Τ.
1024 3259 1078 3321 111.
1100 3281 1131 3340 p.
1152 3264 1183 3320 t.

182 3345 236 3384 *⁸*
272 3343 392 3428 Opene
412 3349 548 3428 pretium
574 3345 700 3410 ridetur
724 3367 765 3409 ex
788 3367 825 3408 ea
845 3350 991 3428 epistota,
1021 3359 1114 3430 quam
1137 3343 1237 3407 Char·

150 3429 255 3494 donus
276 3430 313 3492 de
334 3435 366 3495 la
387 3434 537 3496 Roehette
558 3436 580 3496 l.
595 3455 630 3494 vc.
651 3451 683 3514 p.
707 3435 747 3496 55
770 3432 925 3512 nulgavit,
953 3431 1065 3494 eahta
1089 3430 1236 3492 transcri-

150 3519 227 3580 bere
250 3537 329 3598 qnae
351 3517 390 3581 ad
412 3517 585 3585 Cornutum
606 3518 781 3600 pertinent,
801 3518 873 3580 lion
893 3519 1053 3597 longiore:
1085 3517 1237 3592 „Densi

149 3599 171 3662 ὸ
200 3605 219 3662 8
249 3605 325 3664 mois
352 3607 381 3677 ie
407 3601 558 3668 donnerai
584 3599 603 3665 l
628 3603 836 3683 l’impreesion
856 3602 940 3665 deux
960 3621 1109 3680 ouvrages
1130 3599 1237 3661 reuma

150 3685 231 3749 dane
253 3705 298 3746 un
320 3689 385 3745 rot.
406 3687 439 3746 in
459 3695 507 3763 4.,
533 3689 610 3750 dont
630 3685 760 3768 torpere
782 3707 845 3769 que
864 3706 942 3749 rous
962 3707 1047 3748 terea
1067 3687 1155 3744 mitte
1176 3684 1235 3746 sois

150 3773 228 3852 plus
249 3780 374 3832 content
395 3785 457 3850 que
482 3769 520 3830 de
548 3789 620 3832 mou
645 3773 844 3851 Apollonius.
886 3772 933 3830 Le
952 3768 1086 3847 premier
1106 3781 1153 3832 eat
1173 3791 1235 3832 uuo

150 3854 270 3918 edition
293 3853 336 3917 du
359 3853 549 3935 philosophe
569 3857 695 3916 stoteien
719 3857 895 3929 Cornutus,
924 3849 1137 3917 tus-cutum
1157 3855 1234 3919 daus

151 3939 330 4023 l’autiquitri
350 3951 381 4002 et
402 3939 512 4002 maltro
539 3937 584 4000 du
608 3937 734 4000 tamem
760 3941 869 4013 Perre,
897 3939 928 3999 le
952 3935 1043 4020 poete
1065 3943 1232 4023 satyrique.

152 4025 202 4087 Le
222 4037 329 4087 rorant
351 4025 430 4087 Gelo
450 4045 487 4086 en
511 4027 595 4088 aruit
620 4021 727 4086 donne
749 4021 946 4102 une‘editiou
967 4024 1044 4087 daus
1061 4045 1110 4087 aee
1130 4023 1233 4106 Opus·

152 4113 226 4172 cula
249 4111 468 4193 mythologice,
483 4131 569 4174 ‘sous
592 4112 623 4172 le
641 4111 730 4171 titre:
760 4113 805 4175 Dc
822 4124 930 4173 natm
951 4115 1082 4186 deorum,
1110 4123 1140 4168 et
1160 4130 1233 4171 aeus

152 4199 187 4258 le
215 4213 286 4258 nom
318 4195 357 4258 de
386 4197 576 4260 Phuruutua.
619 4196 677 4259 J'ai
705 4190 827 4277 protriti
850 4195 928 4259 duos
955 4215 1018 4257 nne
1038 4193 1230 4256 dissertation

153 4279 370 4362 particuliere,
394 4301 456 4366 que
475 4288 504 4360 ie
524 4284 644 4347 mettrai
666 4279 684 4346 a
705 4285 736 4346 la
758 4284 819 4346 tete
838 4280 878 4345 tle
898 4302 949 4344 ees
969 4279 1054 4342 deux
1075 4295 1232 4355 ouvrages,
