2984 4825
552 368 790 428 -463-

144 527 292 591 mundum
314 550 381 594 esse
403 531 503 592 lorma
519 530 698 611 praeditum
719 529 873 593 rotundos
895 532 975 593 benc
990 530 1073 593 enim
1088 530 1227 593 omnium

143 634 313 697 formarum
342 632 382 696 ed
410 646 527 696 motum
555 633 746 715 aptissimam
770 656 788 694 s
810 631 979 696 Posidonio
1006 646 1037 695 st
1057 634 1227 714 Antipatro

143 737 330 799 existimari:
352 745 412 802 ἕνα
435 731 496 803 so'e
518 733 647 821 κόσμον
669 738 769 815 siros,
789 738 847 803 sci
868 740 994 804 ceticae
1011 736 1228 821 πεπερασμέ-

141 861 222 915 νον,
252 840 366 924 σχῆμα
397 841 516 925 ἔχοντα
546 839 770 922 σφαιροειδές.
802 833 887 925 πρὸς
913 831 978 921 γὰρ
1004 832 1068 919 τὴν
1094 839 1228 922 κίνησιν

143 932 402 1021 ἁρμωδιώτατον
421 933 459 1003 sd
475 941 643 1005 coroticum
688 942 737 1003 De
754 961 819 1024 quo
832 944 903 1003 loco
917 937 989 1003 vide
1005 939 1185 1017 Menagium
1200 938 1227 1023 ¹)

142 1040 180 1101 nd
203 1041 379 1117 Laenium,
409 1041 464 1101 ubi
492 1062 509 1101 e
536 1042 705 1105 Plutarcho
721 1044 750 1126 2)
778 1057 809 1105 et
839 1043 959 1125 Cyrillo
973 1041 1004 1125 ⁵)
1025 1044 1228 1105 Plutarchum
1267 1069 1274 1079 ·

142 1142 353 1221 describente,
384 1154 415 1205 et
444 1165 461 1204 e
491 1143 641 1207 Cicerone
669 1148 704 1207 ln
729 1147 814 1207 libro
839 1145 878 1208 de
903 1146 1062 1208 Universo
1088 1144 1228 1207 Platonis

141 1247 302 1309 Timaeum
319 1260 529 1325 convertente,
552 1252 666 1329 probet
684 1252 841 1313 veteribus
860 1248 1067 1331 philosophie,
1089 1261 1121 1311 et
1136 1268 1228 1328 prse-

143 1349 251 1411 sertim
272 1350 400 1429 Stoicis,
422 1351 572 1413 mundum
596 1372 661 1415 esse
683 1352 897 1437 σφαιροειδῆ,
915 1349 1100 1429 rutundum,
1119 1351 1229 1429 globo·

142 1472 210 1513 sum
225 1453 387 1514 fabricatu.
430 1456 569 1533 hleungii
582 1454 775 1534 diligentiam
792 1456 901 1533 ellugit
916 1454 1004 1515 locus
1020 1453 1180 1515 Ciceronis
1188 1453 1228 1538 4),

141 1556 174 1615 iu
204 1574 267 1637 quo
296 1556 437 1619 Velleius
466 1558 654 1638 Epicureus,
688 1578 758 1619 cum
786 1559 914 1620 Laertio
939 1558 1018 1617 mire
1045 1576 1228 1637 consonans,

140 1656 215 1719 dicit
236 1658 388 1721 muudum
406 1660 519 1722 Stoicis
540 1682 606 1725 esse
629 1662 733 1722 auimo
757 1673 789 1721 et
810 1662 950 1723 sensibus
970 1659 1159 1739 praeditum,
1179 1686 1228 1725 ro-

139 1764 275 1837 tundum,
305 1760 482 1837 ardentem,
509 1762 697 1838 volubilem,
726 1761 831 1822 deum.
873 1762 934 1821 Hic
956 1773 1061 1821 nutem
1083 1761 1228 1836 mundus,

142 1862 193 1922 dei
214 1881 336 1941 corpus,
358 1862 473 1923 dicitur
494 1859 648 1923 rotundos
669 1874 700 1923 et
722 1860 846 1938 ardens,
868 1873 904 1922 ut
926 1860 1121 1945 Chrysippus
1141 1862 1227 1944 apud

140 1966 342 2025 Plutarchum
355 1960 385 2047 ·⁵)
414 1957 541 2047 κόσμον
571 1959 705 2049 πυρώδη
733 1964 881 2042 appellnt.
932 1962 1016 2025 Idem
1044 1964 1129 2046 apud
1150 1986 1227 2027 eun·

142 2066 213 2129 dem
244 2064 425 2128 Ciceronem
440 2063 469 2150 6)
498 2067 639 2128 Velleius
671 2085 781 2130 eorum
808 2066 987 2129 turditatem
1017 2068 1166 2131 admirari
1192 2090 1228 2131 se

141 2170 226 2246 dicit,
250 2171 305 2251 qui
329 2167 378 2251 (ut
396 2168 508 2253 Stoici)
530 2170 717 2249 sapientem,
739 2171 944 2248 animantem,
965 2172 1173 2231 immortalem
1195 2183 1228 2231 et

142 2275 267 2333 beatum
289 2284 320 2332 et
341 2270 513 2333 rotundum
536 2292 602 2335 esse
624 2276 723 2336 velint
752 2272 863 2351 deoru,
897 2272 1001 2356 quod,
1036 2272 1157 2353 inquit,
1190 2294 1226 2333 es

141 2376 243 2438 lorma
271 2376 366 2436 ullam
396 2388 488 2455 neget
518 2396 584 2438 esse
614 2378 825 2459 pulchriorem
852 2378 954 2438 Plato.
1001 2376 1042 2438 Et
1062 2375 1146 2437 iulrs
1166 2376 1227 2437 ibi·

140 2479 229 2540 dem:
249 2500 324 2562 quoe
343 2499 407 2541 cero
425 2481 557 2542 tribuitur
576 2488 632 2543 eila
652 2488 698 2543 isti
717 2483 838 2544 wtundo
856 2483 935 2544 deo?
953 2503 1051 2561 nempe
1072 2494 1103 2542 ut
1121 2503 1159 2543 eo
1177 2503 1227 2542 ce·

139 2586 248 2644 leri'tote
274 2593 506 2663 rumorqusatur,
537 2591 585 2645 cui
604 2607 663 2666 por
685 2587 763 2646 trullo
790 2606 826 2645 ns
852 2590 974 2660 cephan·
997 2587 1110 2666 quidem
1128 2592 1225 2664 possi.

140 2686 181 2744 At
204 2693 312 2744 contre
332 2681 448 2744 Balbus
470 2683 592 2746 Stoicus
618 2685 703 2766 opud
729 2685 861 2748 eundem
885 2685 1070 2746 Ciceronem
1081 2684 1112 2768 ²)
1139 2685 1226 2762 (licit,

140 2787 299 2848 Velleium
319 2805 395 2865 prse
417 2805 450 2846 se
473 2786 574 2864 ierre,
602 2789 773 2870 Epicureos
794 2792 888 2870 plane
909 2800 1056 2870 expertes
1080 2808 1146 2849 esse
1169 2786 1227 2849 do-

140 2891 276 2967 ctrinae,
307 2909 423 2952 novum
447 2890 608 2952 oculorum
630 2891 782 2956 iudicium
803 2895 936 2969 lubere,
962 2913 1065 2974 neque
1086 2913 1225 2975 unquam

141 2991 298 3054 eruditum
315 2993 478 3072 pulverem
497 2995 644 3075 attigisse,
668 3017 771 3078 neque
787 2997 821 3056 in
837 2995 965 3076 physice
983 3009 1123 3058 versstos
1141 3016 1225 3073 csse;

139 3097 195 3177 qui
215 3094 441 3156 contenderent
464 3098 635 3178 quidquem
662 3099 825 3178 pulchrius
846 3118 913 3158 esse
936 3116 1028 3175 posse
1050 3099 1151 3157 lorum
1171 3117 1225 3158 ro-

139 3195 255 3269 tunda,
288 3216 369 3275 quae
403 3215 510 3257 omnes
538 3199 615 3260 alins
643 3199 759 3276 figures
791 3197 967 3274 contineat,
1000 3209 1031 3258 et
1063 3197 1130 3256 siue
1161 3217 1224 3278 qua

139 3297 310 3376 aequalitas
337 3309 440 3357 motus
467 3301 703 3381 constantiaque
724 3298 871 3362 ordinum
896 3316 959 3359 non
981 3298 1133 3377 potuisset
1158 3316 1224 3358 ser·

139 3398 218 3461 vari.
262 3397 310 3457 Ex
330 3418 394 3479 quo
412 3401 501 3482 sequi
519 3414 621 3482 putet,
642 3403 723 3464 nihil
741 3421 834 3483 posse
855 3420 921 3462 esse
942 3399 1107 3476 indoctius,
1129 3419 1224 3482 quem

138 3498 224 3582 quod
253 3501 292 3561 ab
321 3501 482 3582 Epicureis
511 3503 661 3566 affirmari
688 3507 805 3581 soleat,
836 3505 891 3585 qui
919 3523 982 3564 nou
1010 3504 1093 3566 hunc
1119 3502 1222 3584 ipsum

137 3601 289 3665 mundum
311 3623 371 3684 pro
394 3619 480 3668 certo
502 3608 672 3670 rotundum
695 3629 762 3671 esse
784 3607 941 3685 dicerent,
962 3606 1017 3670 sed
1039 3625 1132 3686 posse
1153 3605 1222 3666 lieri

138 3719 310 3785 censerent,
333 3706 428 3770 nteit
448 3710 509 3773 elia
530 3711 641 3794 ligura,
661 3713 966 3795 innumerabilesque
988 3708 1122 3772 mundos
1144 3709 1222 3770 elios

135 3871 403 3882 ..αὴ-..Ἥ

209 3959 239 4029 1)
257 3960 300 4014 hd
318 3959 406 4014 Laert.
425 3979 450 4032 p.
469 3963 530 4015 184.
709 3962 739 4030 2)
757 3961 801 4015 De
820 3961 886 4032 plac.
904 3960 999 4032 philos.
1016 3957 1050 4027 ll,
1067 3947 1139 4029 esp.
1158 3961 1219 4014 886.

208 4049 238 4118 3)
258 4048 359 4103 Contra
378 4049 472 4103 inlisu.
490 4047 521 4102 lt.
706 4050 737 4115 4)
756 4049 799 4105 Dc
815 4049 848 4104 N.
865 4051 900 4104 l).
917 4051 937 4117 l,
957 4053 984 4106 8.

207 4141 239 4207 t)
259 4139 301 4194 De
320 4137 401 4193 Stoio
419 4153 532 4208 repugn.
552 4155 577 4208 p.
591 4139 670 4193 tuot.
708 4143 739 4208 6)
758 4141 801 4194 Dc
818 4139 851 4192 tt.
868 4139 902 4193 D.
921 4136 940 4206 l,
961 4143 1004 4192 tu.

207 4227 238 4296 i)
256 4227 299 4282 De
317 4227 349 4280 N.
368 4225 402 4279 D.
420 4225 452 4293 ll,
471 4227 512 4278 ts.
