2984 4825
692 342 928 406 -tso-
1100 384 1111 423 ,

266 500 347 567 'irione
364 510 497 567 versionis
515 511 658 583 interpres,
677 509 761 562 tuias
778 510 871 566 ιηίννν
888 507 963 559 niort
980 512 1008 559 rt
1023 508 1157 575 repraeter
1175 501 1237 554 orit.
1274 497 1347 557 Hine

270 600 400 656 audaeem
418 601 597 655 coniecturam
615 598 783 653 timidirsimo
802 610 935 669 propono.

167 683 260 739 PAR
334 684 441 760 Ἀρειον]
459 683 726 758 Pseudo-Orpheus
742 682 845 756 Argon.
864 687 912 740 ³⁰:

438 772 515 845 iprae
533 777 685 845 spatiatum
704 780 749 829 sni
765 772 867 845 Ἀρείρς
884 773 980 832 νύκτας
994 767 1128 842 Ἀθήνης,

273 863 308 917 tia
324 881 378 936 quo
396 883 421 920 r.
438 863 526 935 Toup.
544 861 606 918 Em.
624 864 653 919 in
671 862 747 919 Soit.
772 862 804 918 T.
823 860 872 919 111.
896 880 923 935 p.
942 864 992 927 ta,
1017 860 1065 915 ubi
1083 860 1155 913 huno
1173 854 1285 913 Cornuti
1301 858 1346 913 lo-

273 968 335 1007 onrn
352 952 449 1007 iaudat
487 950 613 1021 [floron
640 950 700 1017 „An
724 951 798 1026 quod
821 951 965 1017 bellicoso,
990 968 1024 1005 an
1048 947 1121 1023 quoti
1140 947 1250 1002 Orestes
1273 946 1346 1001 siin

272 1039 416 1113 Areopago
440 1056 513 1095 aram
539 1041 591 1097 hoo
615 1042 692 1096 titulo
717 1040 830 1113 posuit?
873 1038 953 1107 Quod
973 1038 1072 1095 institia
1091 1052 1171 1092 cursa
1189 1037 1224 1092 sit
1241 1034 1347 1098 Pallidi,

271 1147 297 1183 r.
315 1126 408 1184 Sohoi.
427 1126 503 1184 iliad.
522 1146 546 1194 ο,
564 1130 643 1184 491.”
680 1126 722 1185 et.
744 1128 871 1185 Creuzer.
888 1128 920 1184 T.
940 1126 975 1183 11.
995 1146 1022 1201 p.
1040 1127 1114 1197 772]

344 1214 470 1285 [inustos]
496 1215 530 1271 V.
549 1214 668 1272 Craneer
689 1216 722 1273 Τ.
740 1214 776 1273 il.
802 1232 829 1289 p.
847 1218 901 1273 782
919 1234 974 1291 seq.
1008 1215 1130 1271 Toeiien
1147 1212 1305 1269 Verreiohn
1322 1213 1347 1267 d.

272 1302 380 1374 gestito.
399 1301 491 1359 Steiria
510 1304 559 1359 der
575 1305 610 1360 tt
629 1305 735 1362 Prenss.
755 1306 1033 1375 Gemmensamnrlung
1051 1322 1078 1375 p.
1096 1305 1151 1374 93.]

173 1388 203 1440 P.
212 1387 265 1442 114
347 1394 495 1460 [stolium
518 1390 604 1453 ittae
625 1392 708 1465 αὕτῆν
731 1394 960 1467 προσαγορεύουσι]
988 1390 1069 1449 Plura
1087 1390 1225 1448 Minervae
1243 1406 1347 1463 coguo-

273 1479 346 1535 rnina
364 1481 481 1536 cumulat
499 1479 555 1535 inc.
571 1484 601 1537 in
620 1480 747 1538 Creatori
764 1482 829 1538 Mel.
847 1481 879 1537 T.
900 1480 922 1537 1.
941 1498 968 1553 p.
986 1482 1043 1552 et]

346 1574 444 1641 [Maga
461 1568 532 1645 αὐτῇ
549 1572 690 1644 πάροδρον]
707 1569 790 1642 Apud
805 1568 945 1641 Orpheum
963 1570 992 1624 in
1005 1566 1122 1642 Hymnis
1140 1574 1211 1641 Νίκη
1229 1570 1347 1641 proximo

275 1660 396 1732 sequitur
412 1656 571 1715 Minervam.
607 1658 747 1715 Minervas
766 1668 942 1731 cognomento
961 1664 1046 1731 Νίνης
1063 1656 1191 1729 tempium
1210 1658 1239 1713 in
1255 1658 1348 1714 Atticis

274 1745 418 1805 Pausanias
435 1748 561 1817 agnoscit
597 1746 688 1802 Huius
706 1757 794 1803 tamen
812 1747 984 1804 simulacrum
1003 1746 1114 1827 ἄπτερον
1131 1748 1215 1804 inissa
1229 1746 1347 1819 legimus.

273 1833 434 1908 Harpocrat
453 1835 559 1892 GALE.
595 1835 638 1891 Ad
656 1836 723 1891 haro
740 1837 907 1893 Villoisonus
925 1839 954 1893 in
968 1837 1096 1893 schedis:
1115 1836 1184 1903 „Sat
1203 1834 1269 1892 haso
1286 1844 1348 1891 tan-

274 1925 413 1980 tummodo
439 1924 473 1979 sd
497 1923 616 1995 Ἀθηνᾶν
638 1930 724 1995 Νίνην
747 1927 889 1997 pertinent.
924 1930 996 1996 Νῖνον]
1019 1940 1084 1981 rero
1108 1925 1218 1997 proprio
1242 1925 1310 1979 diota
1335 1943 1349 1978 ο

274 2010 397 2068 Minerva
416 2021 536 2085 separato
554 2011 609 2067 rlaa
627 2011 756 2079 habebat,
784 2030 851 2087 quas
868 2011 956 2068 Amor
972 2013 1038 2081 sibi,
1065 2014 1139 2068 iussn
1164 2014 1289 2078 deornm,
1314 2030 1351 2068 no

274 2118 368 2157 rursus
391 2102 420 2155 in
444 2100 551 2156 eoelum
577 2101 706 2169 avolaret,
731 2102 864 2158 abscissos
882 2102 1018 2158 Victoriae
1040 2104 1104 2158 diro
1127 2103 1351 2181 conmemorat,

272 2196 339 2243 testa
356 2186 477 2243 Euststh.
495 2204 522 2260 p.
535 2188 596 2254 880,
615 2189 632 2244 ὅ
651 2198 678 2244 et
695 2206 722 2260 p.
734 2190 796 2255 987,
808 2192 869 2245 223⁸
904 2189 1043 2246 Victoriae
1061 2193 1134 2263 signa
1152 2192 1274 2265 primitus
1293 2193 1353 2248 rins

272 2274 322 2331 riis
339 2275 399 2330 iicta
414 2293 482 2341 esse,
500 2275 697 2332 demonstratur
708 2278 737 2331 in
751 2275 849 2333 Annal.
862 2276 923 2333 dett
936 2278 1000 2334 inst.
1014 2278 1130 2335 archoni
1146 2282 1223 2336 1832.
1239 2300 1264 2353 p.
1274 2284 1352 2353 etit]

173 2376 204 2431 Ρ,
213 2377 265 2432 115
346 2369 563 2439 [γιγαντοφόνον]
581 2364 730 2422 Minervam
749 2382 811 2422 curn
830 2368 933 2438 gigante
950 2376 1110 2440 pugnantem
1128 2367 1235 2424 arhibat
1249 2386 1353 2426 rasen-

273 2459 344 2524 lmn,
369 2460 398 2513 in
416 2476 471 2532 quo
488 2455 610 2513 Minerva
628 2457 737 2526 tingitur
758 2473 839 2510 manu
862 2465 954 2512 tennns
972 2457 1112 2512 brachium
1128 2459 1225 2529 gigsnti
1243 2459 1354 2513 nbsois-

276 2563 343 2603 snm.
381 2545 423 2603 et.
448 2545 591 2602 Gerhardii
612 2543 672 2600 Nou
695 2545 853 2601 errrorbena
870 2543 984 2601 Doninn
1003 2546 1050 2600 des
1068 2544 1140 2601 Mus.
1158 2564 1191 2602 ru
1209 2544 1301 2601 Berlin
1327 2545 1354 2604 1.

275 2652 302 2709 p.
321 2637 364 2692 50.
407 2635 450 2693 Do
469 2637 529 2691 eliis
546 2637 610 2692 artis
628 2632 771 2707 operibus,
797 2633 896 2707 quibus
914 2650 1018 2705 pugnae
1035 2633 1166 2706 gigantum
1184 2635 1355 2702 exhibentur,

275 2725 319 2780 ndi
336 2722 587 2780 Raonl-Rochetto
605 2721 659 2778 Sur
675 2721 751 2778 Atlas
769 2740 796 2793 p.
810 2723 859 2788 to,
887 2721 1054 2796 eundemque
1073 2723 1128 2778 Sur
1144 2741 1197 2778 une
1215 2731 1298 2778 statne
1317 2724 1356 2778 do

274 2813 356 2867 horos
373 2812 481 2885 Attique
498 2831 525 2884 p.
540 2813 581 2866 16.
617 2808 739 2864 Gerirrrd
757 2808 863 2868 Auserl.
881 2810 928 2869 Gr.
947 2810 1063 2868 Vnsenb.
1082 2809 1103 2868 Ι.
1122 2829 1149 2884 p.
1162 2813 1217 2867 204
1232 2819 1258 2866 et
1275 2809 1355 2867 Ber-

214 2915 218 2918 ·
274 2896 328 2952 lius
346 2895 442 2953 Bildr.
461 2897 483 2952 Ι.
500 2915 528 2969 p.
545 2898 596 2954 281
618 2899 686 2969 serp]

346 2987 386 3058 [tu
405 2989 455 3057 τῆς
470 2990 519 3056 γῆς
535 2989 693 3055 νενομὶνουο]
718 2984 839 3058 Respicit
863 2988 996 3058 gigantum
1015 3005 1047 3043 ex
1064 2997 1134 3043 terra
1153 2997 1255 3056 ortum,
1279 2989 1356 3045 undo

275 3083 302 3130 et
325 3075 400 3148 ipsos
423 3091 522 3129 nomen
545 3075 656 3130 traxisse
679 3083 782 3132 veteres
806 3075 926 3129 tradunt:
953 3093 1032 3148 quom
1057 3078 1225 3144 sententious,
1250 3084 1356 3132 tnntmn

274 3181 329 3217 non
347 3163 472 3218 omnibus
490 3172 598 3218 nostrae
616 3162 707 3217 aetatis
723 3163 855 3233 magistris
874 3163 1021 3233 probatam,
1038 3181 1134 3219 vereor
1151 3174 1181 3221 ut
1198 3167 1256 3220 iura
1271 3165 1357 3221 Doe-

275 3251 419 3307 derleinius
437 3253 592 3317 deseruerit,
611 3271 693 3324 qnutn
711 3271 811 3308 nomen
828 3270 845 3308 a
863 3255 1000 3308 communi
1017 3253 1108 3308 radico
1125 3257 1206 3308 ΓΑΩ
1223 3255 1356 3326 redupli-

274 3341 385 3395 cationis
408 3356 461 3412 ope
485 3338 637 3393 ducendum
662 3348 784 3395 moneret
808 3338 897 3396 Gloss.
920 3337 1004 3396 Hom.
1028 3339 1107 3414 Speo.
1128 3360 1156 3413 p.
1174 3343 1201 3397 t.
1241 3341 1283 3397 Ex
1301 3342 1358 3398 hnc

274 3429 345 3481 enim
360 3427 454 3482 radice
472 3443 527 3482 non
545 3427 659 3483 efficitur
676 3437 786 3483 naturae
802 3436 924 3500 terrenae
941 3427 1090 3498 gigantibus
1108 3429 1219 3502 propria
1238 3439 1264 3486 et
1288 3431 1357 3502 pri-

274 3515 363 3570 mitiva
382 3516 478 3584 notio]

172 3601 264 3657 P.1ii
347 3601 513 3676 [ἀνῃρηκέναι
531 3600 638 3672 αὐτούς]
666 3601 769 3659 Gallim.
788 3603 899 3660 Laraor.
917 3601 1017 3660 Pallan.
1053 3604 1139 3661 Multa
1164 3605 1217 3661 alia
1241 3606 1275 3661 ad
1301 3605 1361 3662 hon

274 3701 353 3765 eaput
371 3691 471 3747 adferri
489 3701 600 3762 possent
617 3709 649 3746 ex
667 3690 764 3748 iuliani
776 3690 824 3748 Or.
838 3693 864 3757 t,
884 3709 916 3747 ex
931 3692 1039 3749 Laertio
1058 3711 1084 3767 p.
1100 3695 1160 3760 196,
1178 3711 1211 3750 ex
1224 3691 1257 3750 G.
1274 3693 1362 3768 Syn-

274 3781 342 3837 oeiio
361 3799 387 3859 p.
409 3783 467 3850 149,
484 3781 547 3836 item
566 3798 598 3836 ex
616 3779 766 3836 Parthenio.
792 3779 910 3850 usin]

709 3987 802 4051 Cerur
829 3989 915 4052 xxt.

170 4127 260 4182 am
344 4122 413 4189 [Καὶ
430 4119 540 4182 τούνουο
556 4122 583 4177 δ’
597 4124 681 4193 εἰσῆγε
703 4125 766 4192 eto]
791 4122 838 4179 Sio
861 4134 889 4180 st
908 4123 1063 4182 Heraclitus
1085 4123 1156 4196 apud
1179 4121 1374 4180 Plutarohum

273 4207 301 4259 in
317 4205 391 4261 laida
409 4205 527 4270 atteror
544 4207 659 4273 ὀνομάζον
675 4215 777 4282 πατέρα
796 4217 840 4265 roi
858 4210 946 4284 sripsor
963 4211 1075 4270 retinas.
1099 4209 1219 4281 GAffl]
