2984 4825
633 328 676 344 ·····
735 316 813 359 ΙιΙῚ
873 328 916 341 ····

232 467 362 529 Homeri
383 488 401 527 a
423 466 521 527 Galeo
542 463 628 527 edito
653 463 737 527 inter
758 462 873 544 Opuac.
895 464 995 544 mytlr.
1018 474 1048 525 et
1070 464 1258 541 praesertim
1280 464 1314 525 in

232 570 385 645 Auctore,
419 566 475 649 qui
503 564 681 627 Heraclides
703 565 835 643 dicitur,
867 583 1024 648 quemquo
1052 564 1192 625 Stoicum
1218 566 1315 628 tuisse

232 672 301 731 luce
322 669 436 729 clarius
458 680 506 729 est
527 682 557 729 et
578 670 664 730 cttiue
686 688 747 749 ope
770 670 869 730 miror
889 670 1038 745 Galeum,
1060 668 1117 749 qui
1138 666 1315 729 Cornutum

233 785 265 837 ct
282 771 479 834 Heraclidem
500 772 688 833 coniunctim
706 774 739 833 in
762 771 872 835 eodem
891 791 990 852 opere
1013 768 1122 849 edidit,
1142 788 1207 831 non
1223 772 1315 850 plora

232 874 365 937 Cornuti
388 876 455 936 loca
476 872 514 935 ad
539 859 668 937 terbum
691 874 909 936 convenientia
930 872 1110 953 explicasse,
1131 872 1315 950 illuetraese,

231 976 419 1041 emendasse.
472 975 524 1039 Sic
551 989 582 1037 et
603 996 710 1037 omnes
732 975 866 1037 Cornuti
887 974 1111 1057 etymologiae,
1142 974 1228 1057 quod
1249 976 1314 1037 suis

230 1081 447 1144 admonuimus
471 1080 547 1141 locis
569 1092 601 1141 et
622 1079 837 1156 indicavimus,
860 1082 1017 1140 habentur
1036 1078 1069 1137 in
1092 1077 1258 1159 Hesychio,
1279 1080 1315 1139 in

230 1184 344 1261 Suida,
365 1186 397 1245 in
420 1183 584 1245 Eustathio
604 1194 636 1243 et
657 1183 691 1243 in
712 1182 927 1264 Etymologico
948 1183 1010 1259 M„
1037 1179 1121 1261 opud
1142 1202 1235 1263 quem
1256 1182 1315 1243 Fa·

231 1287 345 1349 bricius
367 1308 397 1365 p.
415 1288 479 1351 399
500 1296 584 1349 recte
605 1298 711 1347 monet
732 1287 848 1366 passim
871 1286 933 1365 lagi
955 1285 1157 1367 etymologica
1178 1284 1211 1345 in
1234 1283 1314 1347 Gor·

231 1389 300 1451 nuti
320 1386 403 1448 libro
424 1387 542 1449 obvias.
586 1388 704 1449 Merito
724 1388 823 1467 igitur
844 1387 924 1450 dixit
938 1377 1125 1469 Sylburgiue
1148 1386 1187 1449 ed
1209 1388 1312 1469 Etym.

230 1496 274 1555 Μ.
297 1514 329 1571 p.
349 1494 402 1553 49.
426 1502 508 1568 not.,
540 1490 639 1554 ueluti
661 1512 718 1571 per
742 1510 868 1551 manum
890 1487 1020 1552 traditae
1042 1510 1108 1553 esse
1131 1490 1205 1551 istas
1226 1501 1312 1552 vete·

229 1612 298 1656 rum
317 1592 520 1675 etymologias
541 1592 699 1655 interdum
721 1593 955 1673 philosophicae
976 1593 1074 1672 mogis
1095 1614 1189 1676 quem
1211 1614 1313 1673 gram

230 1695 374 1773 oraticas,
403 1693 436 1755 id
460 1707 523 1773 eet,
549 1707 583 1756 ut
606 1696 673 1775 ipae
694 1695 848 1775 explicat,
876 1714 982 1755 rerum
1006 1696 1103 1774 magis
1124 1716 1220 1778 quam
1241 1716 1313 1758 uer-

231 1800 341 1859 borum
363 1798 518 1859 rationem
540 1809 761 1859 consectantes.
803 1798 917 1857 Earum
939 1810 1060 1878 portem
1082 1798 1181 1860 Stoici
1202 1802 1312 1861 laeuas·

229 1912 301 1963 rant
324 1920 340 1960 e
363 1899 493 1982 Cratylo
515 1901 669 1977 Platonis,
699 1901 731 1961 in
758 1919 822 1981 quo
850 1899 976 1961 eaedem
996 1919 1127 1981 prorsus
1148 1902 1313 1982 reperiun-

229 2016 282 2064 tur
302 2022 338 2064 ec
359 2003 392 2064 in
413 2003 575 2081 Cornuto,
598 2014 633 2064 ut
653 2002 687 2063 in
709 2002 793 2063 libro
815 2002 854 2065 dc
876 2001 1007 2080 mundo,
1031 2024 1124 2086 quem
1146 2005 1312 2066 Aristoteli

229 2107 307 2167 lateo
328 2106 480 2168 tributum
504 2118 535 2169 et
559 2102 719 2167 cuiusdam
739 2104 854 2183 Stoici,
878 2104 1009 2167 tortasse
1030 2106 1208 2184 Posidonii,
1230 2125 1309 2187 opus

228 2229 293 2272 esee
318 2209 450 2277 confido.
509 2231 511 2237 ’

311 2314 426 2373 Totum
447 2323 551 2373 autem
572 2313 690 2371 huncce
711 2309 846 2371 Cornuti
868 2310 1010 2373 libellum
1034 2312 1113 2373 nihil
1135 2310 1222 2374 eliud
1244 2331 1311 2374 esse

227 2414 288 2476 uici
304 2416 513 2494 prolixiorum
529 2434 660 2495 operum
679 2415 720 2475 ab
736 2412 807 2474 aliis
826 2414 1022 2496 philosophis
1038 2412 1151 2477 Stoicis
1167 2412 1207 2476 dc
1222 2417 1310 2476 theo·

225 2516 309 2594 logia
329 2517 457 2598 physica
478 2517 726 2596 conscriptorum
748 2515 923 2595 epitomen,
945 2518 1013 2599 ipae
1035 2519 1079 2579 sic
1097 2530 1230 2580 testatur
1248 2517 1310 2579 fine

227 2619 329 2681 ultimi
352 2641 418 2701 cap·
442 2617 497 2686 deci
522 2615 688 2683 πλειόνων
709 2630 765 2680 etc.
779 2617 819 2702 ⁴¹).

314 2721 381 2784 Hoc
408 2741 487 2802 opus
518 2720 632 2782 merito
662 2719 785 2783 Stoicae
814 2721 887 2784 iidci
917 2723 1093 2805 symbolum
1120 2735 1152 2784 et
1178 2723 1310 2786 catechi-

299 2937 326 3006 ’)
342 2937 436 3007 [Quod
455 2957 535 3010 supra
555 2937 717 2993 Villoiacnus
739 2940 852 3005 dixerat,
880 2937 996 2993 Cornuti
1015 2937 1134 2992 libellum
1152 2937 1219 2992 nihil
1237 2937 1309 2992 aliud

227 3027 277 3080 altri
296 3026 377 3080 rideri
395 3045 450 3080 esre
470 3045 549 3098 quam
570 3027 704 3098 epitomen
723 3025 883 3100 Chrysippei
901 3027 990 3100 operis
1009 3033 1067 3099 :sept
1086 3030 1162 3095 orote,
1182 3047 1256 3082 nunc
1271 3027 1311 3081 ric

225 3116 281 3186 ipae
298 3125 438 3180 retractat,
466 3127 495 3170 ut
519 3135 580 3170 eunt
606 3117 659 3170 iam
686 3137 716 3170 er
741 3118 819 3172 ratiis
834 3116 1081 3178 Stoicorumlibric
1099 3115 1246 3170 conflatum
1269 3114 1309 3170 vel

226 3203 399 3275 compilatum
418 3223 472 3258 esse
490 3215 608 3258 censeat:
628 3205 655 3258 in
674 3225 727 3276 qua
745 3205 875 3261 sententia
894 3223 944 3276 ego
960 3225 1068 3278 quoque
1085 3205 1309 3278 acquiescendum

226 3303 301 3364 puto.
336 3292 404 3346 Nam
423 3303 452 3344 ut
469 3303 541 3346 recte
560 3293 727 3347 observatum
748 3305 795 3359 eat,
812 3293 840 3346 in
860 3291 993 3366 plerisque
1012 3291 1164 3365 Chrysippo
1181 3293 1308 3347 Noumm

227 3398 303 3432 usum
316 3399 380 3445 esse,
398 3397 451 3451 qua
470 3379 502 3433 de
521 3400 550 3434 re
569 3393 594 3434 et
612 3383 729 3436 conferri
747 3392 857 3453 possunt
872 3381 949 3435 nobis
962 3382 1031 3436 dicta
1046 3381 1128 3435 Beitr.
1144 3380 1161 3435 1.
1173 3381 1191 3434 l.
1210 3383 1308 3451 pm,

226 3466 365 3520 tamenab
386 3466 432 3519 illo
451 3467 561 3520 minime
582 3479 652 3522 totus
671 3469 785 3541 pendet,
807 3480 836 3523 ut
856 3469 923 3522 adeo
942 3469 1012 3522 haud
1032 3468 1112 3523 cernel
1132 3480 1157 3522 et
1175 3465 1308 3540 primariis

226 3553 334 3626 quidem
353 3553 489 3608 doctrinae
514 3556 633 3628 partibus
656 3557 689 3610 ab
715 3576 748 3610 eo
767 3559 879 3610 cornino
898 3559 1043 3612 recenserit.
1080 3555 1159 3625 Quae
1175 3553 1307 3608 discordia

225 3643 287 3696 tntis
300 3642 519 3698 animadvertitur
536 3665 563 3716 p.
573 3648 635 3710 184,
656 3643 701 3698 ubi
721 3645 817 3698 mentis
833 3643 908 3698 sedec
924 3645 953 3697 io
967 3646 1055 3717 capite
1068 3644 1225 3712 collocatur,
1240 3641 1308 3696 dum

226 3742 319 3785 contra
339 3729 505 3806 Chrysippus
522 3732 550 3785 in
570 3731 651 3786 eorde
670 3732 797 3802 ponebat,
815 3742 845 3786 ut
857 3732 894 3785 ibi
908 3731 988 3786 docet
1001 3732 1165 3786 Villoisonus
1178 3730 1212 3784 ad
1228 3732 1309 3784 verba

225 3821 348 3884 γενέσθαι
365 3821 394 3870 dl
413 3818 496 3890 edelr
514 3824 540 3873 is
560 3823 607 3890 τῆς
625 3823 671 3872 τοῦ
691 3817 756 3878 Aede
773 3822 892 3890 κεφαλῆς.
931 3819 974 3874 Ct.
996 3821 1122 3874 Peterson
1141 3821 1174 3873 ad
1193 3819 1308 3874 Phaedr.

224 3904 257 3956 de
271 3905 304 3957 N.
316 3904 350 3957 D.
369 3925 395 3976 p.
405 3909 448 3960 ct.
468 3910 511 3962 43.
547 3907 628 3961 Aliud
646 3907 838 3980 discrepantiae
856 3909 1006 3982 exemplum
1026 3910 1114 3963 notavi
1134 3907 1166 3961 ad
1186 3927 1209 3961 c.
1222 3911 1239 3961 o
1253 3907 1308 3972 scm,

227 3992 271 4044 ubi
293 3992 363 4046 vocis
382 3989 504 4065 ἀλάστωρ
523 3995 591 4050 ratio
610 3995 739 4050 redditur.
784 3997 859 4050 Adde
885 4019 908 4068 p.
930 4000 982 4052 tet
1007 4008 1033 4050 et
1059 4017 1085 4068 p.
1105 3998 1228 4051 2861&
1247 4015 1309 4064 npe-

228 4083 358 4148 σβυτέρων
375 4081 467 4136 afferri
486 4083 680 4148 auctoritatem,
701 4085 745 4139 ubi
761 4094 867 4155 praeter
878 4083 1069 4155 Chrysippum,
1090 4085 1168 4140 etiam
1182 4083 1249 4138 alios
1261 4101 1308 4136 su-

228 4168 339 4238 perioris
357 4171 447 4225 aetatis
465 4171 571 4229 Stoicos
588 4172 731 4244 significari
751 4173 931 4228 confitendum
951 4172 1022 4239 erit]
