2984 4825
564 302 607 317 ····
665 289 749 331 ΧΧΙΙΙ
807 301 896 328 -t

257 436 388 516 „Gerte‚
410 448 445 499 ut
464 434 508 497 uit
534 432 611 499 Gale
631 438 769 500 Praelst.
791 434 907 519 Opusc.
929 439 1080 519 mythol,
1101 438 1248 503 tendatur

171 542 331 606 Cornutus
351 538 480 622 quidum
501 561 519 601 s
541 539 663 617 Gellio,
690 542 869 620 lllserubio,
890 542 1020 619 Servio,
1043 540 1187 604 Charisia
1207 543 1249 603 oh

170 664 302 725 eaquae
322 644 354 703 in
370 642 539 722 Virgilium
560 656 786 705 commentatus
805 646 898 707 erut.''
941 648 1001 722 „Et
1020 646 1162 720 meminit
1179 647 1249 727 qui·

169 745 240 807 dem
264 744 400 823 Gellius,
422 759 457 807 ut
482 746 525 809 uit
548 746 701 809 Brucker.
723 768 755 829 p.
776 748 854 824 53⁷,
885 747 1016 811 Cornuti
1038 746 1248 827 Grammatici‚

169 870 264 931 quem
291 853 372 916 houd
392 874 461 919 sune
481 853 623 916 indoctum
647 851 854 927 dignabilem,
885 862 917 909 et
939 850 1013 911 alibi
1034 855 1169 915 hominem
1187 854 1248 931 ple·

166 974 260 1035 rupae
281 956 342 1015 uh'o
362 976 415 1018 noo
438 955 580 1016 indum
603 974 652 1018 uss
672 954 873 1033 imprudentem
896 954 1143 1035 cornuumque
1165 972 1249 1016 cusu·

137 1120 142 1131 ,
168 1054 360 1115 monterium
391 1054 425 1114 iu
440 1036 624 1133 'Virgilium
650 1050 808 1135 landav).
861 1056 919 1117 Ast
951 1057 1035 1117 hunc
1061 1076 1079 1116 s
1107 1054 1248 1117 Cornuto

169 1312 240 1367 simo
257 1332 358 1387 suaque
376 1325 459 1373 aetate
483 1314 629 1372 clarissimo
649 1316 809 1389 philosopho
827 1317 899 1373 illius
911 1337 984 1390 opus
1001 1336 1052 1389 pro
1070 1317 1246 1373 fundamento

166 1402 381 1461 nori'eondendi
398 1404 547 1460 adhibitum
567 1425 630 1461 esse.
674 1404 814 1478 Quidquid
837 1426 899 1464 tero
923 1406 1003 1463 huius
1026 1408 1066 1461 rei
1089 1417 1144 1471 est,
1169 1404 1247 1461 huius

165 1510 197 1545 es
212 1489 326 1548 Cornuti
343 1491 413 1553 libro
429 1492 597 1551 historiarum
615 1494 686 1549 malo
704 1507 843 1567 sumpttuu
858 1506 952 1568 putare
973 1496 1153 1567 fragmentum
1170 1492 1246 1559 tttud,

165 1581 243 1636 cuites
258 1580 294 1633 de
309 1579 384 1635 [oute
398 1581 461 1641 mihi
480 1596 542 1637 oum
558 1582 615 1641 attis
635 1602 691 1639 non
709 1583 804 1657 liquet,
822 1584 905 1657 quod,
924 1586 945 1637 si
964 1584 1046 1642 modo
1064 1582 1117 1637 lide
1132 1582 1246 1654 dignum

164 1678 219 1733 est,
245 1666 374 1725 aBeiero
392 1670 427 1725 ad
445 1667 505 1727 cie.
524 1668 580 1725 Oli.
606 1671 639 1725 Τ.
657 1673 690 1727 ll.
716 1692 745 1743 p.
762 1677 817 1727 stu
841 1672 959 1740 monitus
981 1670 1090 1725 lahuius
1114 1690 1140 1741 p.
1157 1686 1191 1721 xx
1215 1690 1246 1723 eu

163 1755 290 1828 Scoppae
309 1755 456 1817 cetteeun.
475 1763 535 1814 nl
558 1756 652 1829 (Grut.
672 1759 767 1834 Lamp.
791 1761 824 1815 T.
844 1762 866 1815 t.
892 1781 918 1832 p.
935 1761 1002 1827 895)
1025 1758 1117 1813 silent:
1143 1756 1246 1825 „Quod

163 1861 286 1899 summme
301 1848 387 1902 Ionos
409 1846 509 1905 diettm
532 1866 635 1903 mmms
663 1868 724 1919 pers
749 1849 814 1917 elci,
840 1848 869 1903 iu
892 1856 948 1920 quo
966 1845 1104 1902 colebatur
1123 1848 1203 1899 lanus
1220 1856 1248 1898 et

164 1932 296 2009 templum
312 1932 444 2002 habehat,
468 1933 606 1993 Cornutus
629 1936 803 2009 philosophus
821 1937 856 1991 de
874 1935 950 1991 uthis
964 1934 1068 1991 Romae
1088 1933 1246 2006 antiquitate

163 2022 198 2077 sd
217 2022 409 2079 Palaemonem
428 2025 632 2094 grammaticum
651 2023 718 2081 haec
740 2025 857 2099 ecmbent
880 2024 1044 2096 apertissime
1062 2024 1174 2077 iudicat:
1202 2023 1245 2075 in·

163 2112 224 2183 quil
239 2112 330 2165 enims
349 2112 413 2163 Iuni
430 2111 560 2179 templum
579 2112 675 2181 bisurt's
694 2112 793 2177 [Beier.
812 2111 946 2180 biformis]
964 2112 993 2163 t'n
1011 2112 1079 2163 clivo
1097 2111 1246 2179 Capitolino

162 2198 377 2263 vetustissimum
400 2199 535 2249 crustatis
560 2199 783 2249 mmmmm
805 2217 819 2249 e
845 2199 939 2251 Pariis
963 2196 1092 2249 columnis
1114 2198 1246 2248 vidimus:

163 2285 233 2357 qnia
250 2286 280 2337 in
297 2283 453 2337 taediosius
469 2282 531 2335 cliui
546 2282 689 2339 amnites
701 2284 789 2335 Ianus
804 2302 934 2339 summus.
950 2272 1113 2336 atdraus'in
1129 2293 1246 2337 extremo

161 2373 234 2428 olivo
251 2370 425 2442 appellatur:
443 2370 492 2424 ubi
500 2371 605 2426 Puteal
620 2380 648 2424 et
659 2370 834 2443 feneratores
849 2370 1019 2426 maslerant!
1053 2371 1244 2446 Philosophum

160 2462 237 2518 ltuttc
249 2458 406 2516 Cornutum.
419 2461 551 2533 appellari
569 2461 644 2516 nihil.
653 2479 761 2516 moror:
778 2461 826 2514 secl
842 2461 990 2528 fatendum,
1009 2466 1138 2536 temporie
1152 2464 1173 2518 si
1186 2463 1243 2518 sola

160 2551 237 2611 ratio,
248 2549 375 2616 hebetur,
391 2550 492 2606 librum
510 2548 543 2605 ad
562 2549 752 2606 Palaemonem
770 2551 1123 2622 grammaticumscriptmu
1143 2553 1244 2622 proba·

162 2637 243 2695 bilius
266 2657 282 2693 s
307 2636 431 2694 Cornuto
459 2637 628 2712 philosopho¹
646 2651 726 2710 qusint
754 2638 789 2693 ab
817 2637 943 2693 historico
969 2640 1120 2710 proiectum
1145 2641 1243 2710 putari,

161 2725 344 2797 Eiusdemque
363 2725 492 2794 Cornuti,
510 2729 643 2800 siquidem
662 2735 713 2799 pro
733 2737 807 2800 patre
825 2725 976 2798 philosophi
995 2725 1164 2797 cognominis
1180 2744 1242 2778 eum

160 2814 391 2882 hohominum,
419 2817 582 2871 mentionem
601 2817 630 2870 in
648 2816 711 2872 loco
734 2817 901 2888 perobscura
922 2816 1053 2888 repetisse
1070 2814 1135 2868 mihi
1151 2812 1245 2867 videor

160 2902 276 2958 Charisii
294 2903 328 2958 ll.
347 2924 374 2975 p.
390 2908 452 2971 lSl,
469 2905 515 2959 uhi
533 2920 608 2960 nuno
623 2903 763 2976 vulgetur-s
787 2905 919 2956 Caecilius
937 2921 1042 2976 quaque
1059 2913 1092 2954 ut
1110 2903 1242 2953 Amineas

161 2997 297 3046 wantos
312 2991 382 3044 libro
399 2992 456 3051 tet.
473 3003 612 3046 costarum
635 2992 725 3062 patris
749 2993 810 3042 sui:
835 2992 968 3061 Profecto
988 3003 1038 3045 etc.
1073 2990 1150 3042 ttand
1173 2988 1242 3041 male

159 3077 362 3134 Lindemannus
378 3079 543 3154 sedelocum
562 3079 590 3134 in
615 3077 672 3132 tob.
698 3077 780 3132 terere
802 3076 1027 3146 suspicatus¹est3
1051 3096 1102 3144 pro
1120 3076 1176 3127 tob.
1194 3094 1243 3125 co-

158 3177 266 3224 elorum
284 3166 391 3222 lahnius
409 3187 436 3238 p.
451 3184 496 3224 ω
519 3167 663 3240 legendum
686 3162 827 3234 proposuit
848 3161 1111 3214 tabernariarumet
1127 3161 1161 3213 ita
1181 3161 1243 3230 qui·

159 3257 223 3312 dem
240 3264 270 3310 ut
283 3255 315 3310 iu
334 3275 390 3326 seq.
405 3258 494 3324 putris
512 3257 558 3310 soi
572 3255 651 3312 lateat
668 3250 837 3310 tabernariae
853 3249 964 3304 alieuius
984 3267 1093 3314 nornen,
1114 3248 1186 3320 quod
1201 3247 1243 3299 rel

157 3345 222 3400 ideo
240 3343 375 3416 displicet,
396 3343 471 3415 quod
490 3343 541 3398 tate
559 3361 659 3398 unmcn
677 3341 812 3414 singulare
830 3359 892 3394 cum
911 3338 1133 3412 praecedentibus
1150 3337 1243 3391 couci-

156 3434 218 3490 liuri
237 3451 295 3488 uon
314 3451 391 3506 posse
409 3431 521 3486 videtur.
544 3431 686 3503 ⁴Repositis
703 3429 768 3496 eliis,
790 3429 883 3503 quiin
903 3439 1032 3502 promptu
1050 3437 1121 3494 suot,
1142 3424 1243 3498 ingenii

156 3521 270 3584 lusibus,
288 3520 513 3591 uuum·egu=hoo
532 3538 582 3590 pru
600 3531 674 3590 certo
692 3518 787 3584 habeo,
805 3519 1012 3572 commemorari
1030 3516 1077 3569 illo
1094 3515 1156 3570 loeo
1174 3535 1243 3588 spea-

155 3611 290 3676 ttennque
307 3607 419 3658 tandem
427 3608 535 3661 eudone
550 3608 717 3678 reptituendot
732 3609 832 3661 libsutu
846 3607 960 3660 Cornuti
979 3605 1061 3677 patris
1077 3623 1092 3656 a
1111 3605 1166 3656 sulio
1182 3604 1242 3674 phi-

157 3693 291 3766 losopho,
320 3691 366 3764 qul
392 3701 437 3744 aut
459 3695 673 3750 secundissimis
696 3696 849 3767 erpohtetit
873 3705 917 3748 aut
945 3691 1109 3763 praelatione
1132 3691 1240 3760 auserit,

159 3781 318 3856 vulgatum]

233 3873 257 3940 ')
276 3872 318 3939 [ln
336 3870 449 3925 dubium
467 3888 482 3922 a
502 3868 639 3922 nonnullis
656 3889 740 3941 quum
756 3877 876 3922 vocaturn
896 3876 970 3933 esset,
987 3865 1093 3922 Stoicus
1105 3867 1241 3922 Cornutus

159 3961 269 4014 iderune
287 3970 354 4014 esset
371 3974 434 4014 cum
453 3955 640 4016 Grammatico
664 3954 853 4026 cognomines
868 3951 912 4008 hic
928 3953 982 4008 illic
998 3974 1013 4007 a
1030 3957 1162 4011 veteribus
1181 3957 1240 4009 lau·

160 4047 239 4112 duta,
267 4045 441 4118 probabiliter
457 4065 539 4100 nunu,
554 4041 666 4098 maxime
684 4061 714 4096 es
733 4052 884 4113 temporum
902 4043 1085 4098 conuenientia
1103 4046 1240 4114 utriusque

160 4133 304 4189 ltlurlistius
322 4155 349 4207 p.
361 4138 395 4190 tt
407 4155 462 4207 seq.
480 4134 577 4202 statuit,
596 4150 650 4188 non
670 4149 746 4205 posse
764 4149 819 4185 non
838 4131 872 4186 de
890 4151 945 4188 uno
965 4133 1113 4203 eodemque
1132 4129 1241 4182 bomine
