2984 4825
547 362 589 375 ···
645 348 725 391 mx
780 360 825 375 ¹·-

144 500 323 561 Bmcksros
343 498 380 558 T.
399 497 437 559 ll.
457 516 490 579 p.
508 498 590 575 5³9,
616 516 674 559 neo
697 516 737 560 ex
763 495 834 560 eliis
855 495 990 561 Cornuti
1011 496 1116 579 iisque
1137 494 1230 559 indu·

143 601 249 663 hitstis
274 600 401 681 scriptis
427 598 548 683 aliquid
577 610 721 681 superest
746 612 875 680 prsstsr
894 600 1040 662 libellum
1065 603 1103 663 ds
1122 612 1231 665 actm

143 704 267 766 Deorum
287 704 348 763 snb
367 703 524 765 Phornuti
544 702 670 765 nomine
689 702 795 783 primo
816 702 943 783 quidem
966 700 1097 777 editum,
1118 715 1229 783 postes

142 825 221 867 vero
249 817 335 867 recte
362 804 504 869 Cornuto
524 803 631 893 Stoico
657 804 868 880 vindicatum,
895 804 1017 886 inquo
1038 806 1230 887 mythologis

143 906 281 969 Gmecso
302 907 426 969 Stoicos
446 906 679 989 physiologiae,
701 904 870 985 sllsgorise
888 904 922 967 in
943 904 1120 969 Stoicorum
1140 909 1230 976 sobo·

142 1009 184 1071 lis
204 1020 352 1089 receptes
373 1028 471 1089 opere
493 1020 726 1089 attemperstur,
748 1020 780 1069 et
798 1007 958 1087 theologia
974 1007 1080 1071 Stoice
1097 1011 1231 1089 clegmti

146 1123 316 1173 enarretur
337 1109 551 1191 conpendio?
598 1111 720 1175 flevere
740 1111 794 1172 hic
814 1109 976 1172 Fabricios
999 1132 1032 1191 p.
1053 1113 1118 1173 398
1146 1111 1233 1173 simi·

146 1212 224 1275 liter
245 1226 414 1291 memoret,
444 1234 485 1275 ex
511 1212 636 1296 scriptis
663 1214 758 1277 buius
786 1214 971 1295 philosophi
997 1212 1079 1275 nihil
1108 1224 1232 1276 exstsre

146 1336 243 1397 quam
266 1316 417 1399 Θεωρίαν
444 1318 521 1401 sscpl
550 1319 612 1398 scic
632 1316 701 1382 scie
721 1318 816 1383 oser
838 1311 988 1400 φύσεως,
1016 1317 1084 1380 sits
1112 1317 1231 1381 librom

146 1416 186 1479 ds
208 1431 319 1481 netum
341 1417 470 1481 deorum
492 1420 616 1501 saepius
637 1416 756 1481 editum
777 1418 837 1480 sub
858 1418 987 1481 nomine
1005 1421 1180 1497 Phornoti,
1200 1432 1232 1483 st

144 1520 186 1584 ed
207 1519 351 1605 physices
378 1542 413 1584 sc
439 1524 574 1584 mornles
599 1523 779 1585 trahentem
799 1522 982 1602 allegoriae,
1007 1543 1089 1605 quse
1110 1521 1151 1584 ds
1171 1521 1233 1585 diis

145 1622 387 1707 npud·Grsecos
408 1624 632 1703 trndsbsntur,
658 1623 875 1707 curiosiusque
896 1624 1109 1707 inquirentem
1131 1624 1233 1687 mmi-

145 1748 223 1790 num
238 1728 364 1791 illorum
378 1729 593 1811 etymologias,
614 1734 761 1811 exemplo
775 1730 926 1807 Zenonis,
944 1727 1115 1805 Cleanthis,
1132 1727 1235 1808 Chry-

145 1830 232 1911 sippi
253 1843 285 1893 ot
308 1829 445 1893 eliorum
464 1854 481 1893 e
503 1844 571 1894 stos
588 1826 866 1917 philosophos-om,
887 1842 924 1895 ut
944 1830 1055 1894 Cicero
1076 1830 1116 1892 dc
1134 1831 1176 1893 N.
1193 1831 1235 1891 D.

145 1932 263 2010 111‚24
288 1932 363 1997 dicit
392 1956 535 2016 magnam
563 1938 737 2001 molestiam
768 1937 941 2017 suscepisse
968 1934 1108 2015 primum
1128 1934 1235 1995 Zeno·

146 2054 230 2112 nem,
252 2048 323 2115 post
345 2036 541 2116 Cleanthem,
563 2038 675 2101 deinde
698 2038 921 2121 Chrysippum,
949 2035 1233 2098 commentitios-nm

143 2138 325 2199 isbulsrum
346 2138 481 2199 reddere
501 2140 668 2217 rationem,
694 2142 928 2213 vocabulorum,
950 2158 1006 2197 cur
1026 2156 1171 2217 qussqus
1190 2138 1235 2198 its

147 2236 312 2319 appellate
341 2240 421 2314 sint,
454 2258 576 2301 csttssss
603 2240 774 2319 explicere.
815 2238 901 2299 ldem
922 2234 1040 2296 ibidem
1059 2250 1236 2315 monuerst,
1264 2316 1272 2325 ‚

146 2342 183 2402 in
209 2336 383 2401 enodnndis
406 2336 585 2401 nominibus
609 2358 661 2401 eos
681 2340 883 2403 lsbomvisse.

233 2441 276 2504 'Et
291 2443 385 2504 buius
399 2439 527 2524 quidem
541 2443 699 2522 elegantis,
713 2439 975 2527 qttsmsdmodon
991 2453 1081 2505 voest
1094 2443 1237 2506 Brothe-

145 2568 214 2624 cus,
233 2545 410 2624 theologice
432 2543 609 2608 Stoicorum
632 2545 819 2628 compendii,
842 2544 927 2629 qnod
948 2566 1032 2608 nunc
1048 2543 1153 2608 denuo
1170 2545 1238 2611 edi·

147 2671 229 2727 mus,
250 2650 361 2712 titulus
387 2661 418 2710 et
441 2650 577 2714 auctoris
599 2671 713 2714 nomen
734 2651 876 2714 ruricio
897 2649 995 2713 variis
1018 2647 1109 2710 codd.
1131 2647 1236 2712 delor-

147 2766 237 2816 mota
258 2765 289 2813 st
312 2764 460 2833 corrupte
481 2765 564 2816 sunt.
607 2753 643 2816 ln
665 2751 744 2816 Edd.
762 2755 878 2817 Venct.
894 2753 990 2815 Besil.
1013 2765 1045 2816 et
1066 2753 1156 2815 Gslei
1178 2756 1237 2816 boc

148 2874 231 2938 opus
253 2855 435 2918 inscribitur
459 2852 678 2939 Φουρνούτου
698 2856 825 2941 θεωρία
854 2856 933 2940 nspl
961 2856 1024 2940 τῆς
1051 2857 1120 2922 τόν
1143 2857 1237 2922 θεῶν

147 2957 290 3045 φύσεως.
340 2957 418 3018 Gale
440 2969 547 3020 monet
569 2957 701 3039 Gyrsldi
723 2957 861 3020 codicem
882 2967 914 3018 st
936 2953 1042 3020 Onon.
1061 2983 1084 3022 o
1106 2976 1237 3021 consen·

146 3065 211 3125 tire
232 3082 301 3124 cum
322 3060 492 3142 impressis.
545 3055 629 3121 Idem
652 3059 771 3139 legitur
791 3058 826 3119 io
847 3055 949 3119 Codd.
969 3058 1077 3136 Regiis
1097 3064 1185 3122 2860
1205 3072 1237 3119 et

147 3169 236 3231 3076
257 3178 289 3227 et
309 3165 343 3226 in
367 3159 446 3224 Cod.
467 3163 623 3242 Augustos
645 3157 885 3224 vindelicorum
897 3157 945 3241 ⁴²),
973 3157 1061 3218 cuius
1082 3159 1238 3219 variantes

147 3255 266 3347 hebed,
290 3280 322 3330 ct
343 3267 377 3328 in
398 3261 476 3326 eod.
498 3267 541 3325 20
561 3264 662 3346 plutei
686 3267 727 3328 56
749 3263 833 3325 Bibl.
854 3257 1096 3324 laurentianae.
1137 3261 1182 3325 At
1202 3258 1237 3319 in

146 3375 231 3437 cslcc
252 3371 327 3434 libri
347 3365 450 3432 iord.
469 3369 585 3430 Venet.
607 3389 639 3448 p.
652 3371 692 3430 8l
715 3387 827 3432 rerum
849 3386 885 3428 sc
903 3382 1085 3445 germanum
1104 3361 1239 3424 Cornuti

145 3495 263 3539 nomen
286 3476 331 3536 sic
352 3471 549 3534 restituitur:
581 3465 685 3544 ‘cs'icc¹
704 3473 768 3540 rori
798 3471 873 3555 περὶ
901 3470 963 3554 τῆς
990 3468 1082 3538 θεῶν
1111 3462 1239 3552 φύσεως

145 3576 372 3658 Κορνούτου,
402 3586 434 3635 et
462 3575 496 3634 in
522 3574 616 3635 titulo
640 3575 738 3635 totius
761 3572 947 3636 voluminisz
979 3572 1161 3632 Phornutus
1182 3589 1237 3632 seu

145 3670 265 3742 otalii
291 3674 451 3735 Cornutus
477 3673 515 3734 de
544 3687 655 3736 nsturo
685 3673 828 3736 deorum.
875 3671 969 3748 Quod
997 3673 1117 3750 repetit
1141 3670 1238 3732 editio

146 3774 354 3850 Basileensis,
377 3773 411 3833 in
434 3792 497 3854 que
521 3786 552 3835 et
571 3776 685 3854 legitur
706 3776 836 3838 huiusce
855 3774 958 3834 libelli
979 3773 1083 3835 versio
1104 3796 1123 3836 a
1145 3771 1239 3836 Clau·

149 3902 222 3946 seco
246 3878 398 3960 Tigurino
421 3875 572 3950 consecto,
593 3897 671 3958 quae
691 3879 734 3939 sic
755 3872 955 3935 inscribitur:
978 3872 1111 3939 Cornuti
1127 3875 1166 3940 de
1181 3899 1238 3938 nc·

151 3999 223 4050 turs
242 3983 373 4047 deorum
391 3975 644 4044 commentarius.
686 3978 828 4041 Similem
843 3974 1081 4042 inconstantiam
1094 3979 1129 4042 in
1146 3979 1235 4044 codd.

227 4199 252 4270 ')
270 4199 346 4268 [Item
364 4199 534 4257 Monacensis
551 4197 651 4272 Regius
667 4200 735 4268 536,
754 4197 789 4253 ds
805 4217 859 4271 quo
877 4219 902 4254 r.
916 4196 1139 4262 Pmefstioncm]
