2984 4825
526 337 762 398 -557—

115 503 190 565 Idem
204 502 247 590 ¹)=
282 508 380 568 Multis
400 506 525 566 sidentur
548 509 661 567 maiora
684 510 860 586 promittere,
890 525 978 586 qrsam
1005 513 1101 590 recipit
1130 513 1182 570 lne-

116 631 193 669 mana
212 611 348 672 conditio:
375 631 430 668 non
450 614 602 670 immerito.-
630 610 672 669 ad
692 631 795 690 corpus
814 614 886 670 enim
906 616 1068 690 respiciente
1092 633 1183 674 rever·

113 723 200 774 tantm
227 713 271 772 ad
296 718 440 772 animum.-
467 718 526 773 iom
552 714 688 773 hominem
709 714 763 772 deo
784 716 937 772 metientur.
980 713 1124 795 Denique
1138 713 1183 798 ⁹):

113 817 165 875 Sed
192 820 221 875 si
248 819 298 873 cai
330 820 415 876 sirius
447 820 612 898 animosque
642 820 672 875 in
701 834 820 895 corpore
836 795 1000 894 'praesms,
1035 818 1080 876 leia
1116 819 1184 879 deos

114 927 226 997 aequat,
255 917 300 977 illo
326 918 415 977 tendit
438 922 551 994 originis
574 938 645 977 snae
670 937 785 977 memor.
829 917 919 980 Nemo
939 919 1063 997 improbe
1083 940 1115 979 eo
1136 941 1184 980 eo-

113 1030 190 1080 natar
209 1021 378 1097 oscendere,
407 1022 483 1080 ande
502 1023 696 1082 descatderot.
740 1021 818 1102 Quid
845 1031 885 1080 est
911 1032 1022 1095 antem,
1053 1043 1107 1082 onr
1131 1045 1184 1084 non

113 1127 252 1197 existimes,
270 1128 299 1182 in
316 1144 349 1182 eo
371 1123 457 1183 dreini
474 1124 583 1203 adquid
603 1127 729 1195 eximere,
756 1129 806 1204 qni
825 1121 874 1184 dei
887 1143 959 1203 pars
979 1128 1042 1186 est?
1086 1127 1183 1186 Totam

111 1227 174 1300 lroe,
193 1247 248 1307 qao
269 1230 454 1302 continemur,
480 1238 508 1286 et
528 1247 613 1286 unam
635 1238 692 1301 est,
717 1237 744 1286 et
764 1227 849 1304 tiens,
877 1237 903 1286 et
923 1232 993 1287 socii
1011 1233 1070 1288 eins
1089 1247 1185 1289 samos

111 1341 135 1388 et
153 1331 286 1390 membra.

190 1430 269 1491 Cum
299 1441 403 1491 nutem
433 1450 542 1496 omnes
573 1429 712 1492 onmium
743 1430 841 1492 animi
873 1428 981 1491 eodem
1013 1441 1044 1492 et
1077 1429 1183 1491 divina

110 1533 224 1611 origine
246 1544 277 1592 ot
299 1533 424 1594 coelesti
447 1533 631 1610 cognatione
647 1531 818 1594 eocsrndnm
834 1531 956 1594 Stoicos
973 1533 1183 1612 superbirent,

107 1635 156 1696 irie
174 1635 262 1717 sequi
284 1634 459 1711 videretur,
481 1655 590 1696 omnes
611 1634 787 1713 promiscue
808 1645 880 1712 post
903 1645 1035 1693 mortem
1059 1635 1091 1694 in
1114 1655 1184 1695 coe·

107 1739 169 1796 lnm
191 1750 339 1817 tanquam
362 1737 396 1794 in
417 1733 610 1795 domicilium
632 1753 722 1794 settim
744 1735 910 1812 pervenire
933 1746 962 1794 et
984 1737 1106 1814 superis
1127 1736 1182 1798 ad·

106 1841 206 1914 scribi,
227 1837 313 1919 qnod
334 1849 439 1897 tameo
461 1835 559 1896 Stoici
581 1846 705 1911 negent.
748 1835 829 1896 Nam
852 1835 886 1894 Ιιί
909 1833 1081 1915 dumtaxat,
1102 1849 1182 1899 teste

104 1941 202 2001 Balbo
223 1937 306 2018 opud
332 1937 513 1998 Ciceronem
526 1934 571 2019 ⁵),
604 1933 824 1998 torinnam
851 1937 948 1998 habiti
970 1937 1015 2022 (td
1039 1951 1102 2017 est,
1125 1961 1182 2020 ptr·

104 2045 184 2105 blico
206 2043 292 2103 cultu
314 2036 509 2121 consecrati),
531 2061 650 2121 quornm
671 2053 845 2103 remanerent
866 2047 956 2104 animi
973 2055 999 2104 et
1020 2049 1182 2108 aeternitate

94 2149 267 2228 fruerentur,
289 2168 364 2219 eom,
384 2153 420 2202 ut
442 2141 558 2204 ibidem
580 2143 706 2203 subiicit
726 2142 808 2204 idom
831 2143 957 2220 Balbus,
978 2159 1004 2208 et
1025 2152 1122 2227 optimi
1138 2169 1181 2209 es-

101 2263 160 2311 sent
180 2261 207 2310 et
227 2251 350 2308 aeterni:
370 2250 489 2327 snscepii
510 2251 597 2319 emm,
619 2243 736 2324 inquit,
758 2252 815 2308 vita
835 2249 975 2308 hominnm
997 2253 1181 2310 consuetodo-

101 2375 155 2434 qoe
175 2355 344 2425 eommunis,
366 2361 396 2410 nt
417 2349 552 2425 beneficiis
572 2350 732 2409 excellentes
751 2354 824 2409 airas
844 2355 872 2408 in
892 2351 997 2409 coelam
1016 2349 1116 2429 sama,
1143 2373 1180 2415 aa

99 2458 237 2516 voluntate
257 2456 389 2515 tollerent.
432 2454 507 2514 Hinc
528 2453 682 2527 Hercules,
702 2454 766 2511 leina
789 2453 905 2525 Castor,
928 2465 954 2512 at
975 2456 1095 2531 Pollam,
1117 2459 1180 2518 irino

98 2559 301 2637 Aesenlapries,
330 2558 393 2615 ltine
418 2557 502 2615 Liber
525 2560 629 2619 ciram.-
656 2564 715 2614 eto.
758 2554 866 2635 quue,
891 2553 995 2635 inquit
1018 2556 1127 2617 Cicero
1141 2556 1180 2642 ⁴),

97 2683 164 2722 com
184 2663 277 2719 nmltis
295 2661 359 2719 aliis
378 2657 470 2732 redas,
491 2668 550 2716 turn
568 2676 585 2715 e
601 2654 743 2736 panificia
763 2660 832 2731 titre,
856 2666 881 2716 et
900 2661 1073 2718 caerimoniis
1088 2662 1181 2741 sepul·

95 2775 213 2824 ormam
233 2763 346 2836 intelligi
362 2762 442 2821 iicet:
472 2781 546 2841 qaas
571 2764 704 2819 maximis
730 2764 845 2835 ingeniis
867 2760 995 2841 praediti
1017 2782 1068 2821 nee
1097 2774 1180 2823 tanta

94 2886 171 2926 cara
191 2867 351 2939 coluissent,
382 2868 434 2922 nee
457 2864 575 2923 amintas
599 2874 660 2923 tarn
685 2863 847 2943 inexpiabili
867 2864 996 2939 reiigione
1014 2869 1179 2940 sanxissent,

91 2974 150 3030 nisi
167 2970 301 3029 haesisset
321 2971 350 3028 ia
366 2988 465 3029 eornm
486 2968 634 3041 mentibus,
654 2978 771 3025 mortem
792 2988 845 3026 non
866 2970 1003 3026 interitum
1023 2988 1094 3043 esse,
1118 2990 1179 3027 om-

90 3077 143 3132 nia
164 3073 300 3132 tollentem
325 3081 412 3151 atnoe
437 3069 588 3144 delentem,
615 3070 666 3127 sed
694 3070 842 3149 qreandam
868 3075 953 3147 qrrasi
978 3075 1177 3145 migrationem,

89 3175 392 3249 commutationemque
412 3174 500 3243 sitae,
528 3188 604 3249 qaae
628 3173 656 3226 in
682 3170 768 3227 elaris
791 3172 854 3227 viris
874 3181 901 3228 et
913 3168 1044 3248 foeminis
1064 3172 1126 3231 tlon
1150 3172 1177 3231 in

89 3275 203 3336 coelum
222 3273 320 3331 soleret
340 3290 415 3330 esse:
443 3276 472 3329 in
492 3273 610 3329 caeteris
631 3270 711 3329 tana
727 3282 755 3329 et
776 3275 939 3330 retineretur
960 3282 986 3329 et
1002 3285 1176 3351 permaneret

86 3391 202 3439 tamen.
243 3374 365 3448 Endos,
387 3382 584 3433 eenosnorum
601 3375 733 3450 opimone,
755 3373 914 3432 Romulos
935 3376 967 3431 in
989 3376 1081 3433 coeio
1102 3394 1176 3434 eam

86 3482 169 3539 dits
190 3483 275 3555 agit
294 3496 434 3550 aeoom,
464 3487 494 3537 ut
507 3474 614 3555 famae
631 3480 780 3535 anartiens
801 3476 873 3535 dian
895 3475 1017 3535 Ennius:
1047 3488 1074 3536 et
1095 3478 1175 3556 apud

85 3586 233 3654 Graecos,
253 3580 373 3661 indeque
387 3581 533 3660 perlapsus
545 3580 588 3640 od
599 3600 658 3653 nos,
680 3591 707 3638 et
723 3576 865 3661 usquead
881 3580 1024 3639 Oceanum
1038 3580 1174 3639 Hercules

81 3696 189 3746 tantas
211 3695 238 3743 et
257 3694 318 3743 tam
338 3704 471 3761 praesens
491 3684 612 3743 liabetm
632 3683 711 3743 deos.
762 3682 838 3741 llino
859 3682 942 3741 liber
962 3682 1050 3755 deas,
1069 3684 1176 3743 Semele

79 3800 195 3862 natos,
223 3786 379 3868 eademque
395 3783 496 3864 famae
516 3786 674 3846 celebritate
696 3784 878 3866 Tyndaridae
893 3782 1023 3863 fratres:
1053 3789 1103 3864 qai
1120 3806 1174 3845 non

79 3891 176 3951 modo
200 3890 344 3950 adiutores
372 3893 400 3947 in
424 3890 535 3968 praeliis
560 3892 691 3949 iictorioe
716 3887 816 3968 popnii
839 3888 977 3961 Rotnani,
1010 3888 1061 3947 sed
1088 3892 1172 3947 etiam

75 4030 380 4046 m

161 4101 194 4169 1)
214 4101 297 4175 Epist.
316 4104 362 4157 at.
634 4100 665 4169 ἲ)
683 4101 766 4173 Epist.
783 4104 827 4157 92.

162 4192 195 4258 3)
214 4192 256 4245 De
274 4190 304 4244 N.
322 4192 356 4245 D.
376 4192 409 4259 ll,
428 4194 471 4246 ts.
638 4192 669 4258 t)
686 4190 794 4244 Tusceni.
817 4193 835 4257 l,
854 4193 889 4244 tt
908 4202 934 4245 et
952 4193 994 4246 ts.
