2984 4825
533 369 770 429 -sts-

131 536 200 601 semri
219 544 283 620 ipsis
320 541 422 601 orielem
448 540 519 601 cleos
538 539 669 620 sucimn,
697 544 808 616 genios,
837 541 1009 624 lunaresque
1029 542 1194 622 adoptando

129 643 186 718 sili,
209 638 240 701 id
262 651 327 717 est,
356 649 393 700 nt
414 640 551 719 explicat
573 641 736 719 Menagius
756 638 795 703 od
820 641 979 704 laertium
996 641 1039 726 ¹),
1069 644 1193 721 genium

128 742 209 819 viru,
237 743 388 804 lunonem
417 741 553 803 feminis.
604 742 672 803 Hoc
701 743 833 803 tortasse
862 743 1029 804 hauserant
1050 743 1149 806 Stoici
1177 766 1194 805 e

128 845 243 905 Plutone
255 841 296 929 ²),
318 841 404 925 apud
425 865 519 926 quem
539 855 688 906 narratur
703 838 856 930 Λάχεσιν
871 839 1010 931 ἑκάστῳ,
1032 841 1073 911 ὃν
1087 851 1195 914 εἵλετο

128 945 275 1030 δαίμονα,
295 948 420 1013 τοῦτον
440 942 578 1030 φύλακα
594 948 815 1030 ξυμπέμπειν
836 946 900 1014 aori
918 946 1011 1026 βιόα,
1033 945 1085 1010 sul
1106 942 1195 1013 οἷαο-
1225 1021 1229 1028 ,

127 1045 295 1132 aisperde
314 1051 383 1115 suin
404 1050 624 1132 αἱρεθέντων.
668 1047 768 1124 Quem
790 1048 929 1110 Platonis
951 1048 1052 1108 locum
1074 1048 1196 1128 profert

127 1161 156 1209 et
174 1147 321 1210 Stobaeus
335 1149 374 1235 ⁵).
425 1151 478 1213 Sic
500 1150 667 1214 Sallustius
682 1152 728 1232 ⁴)=
760 1155 793 1217 οἱ
815 1145 984 1238 εἰληχότες
1005 1141 1100 1231 οἶμαι·
1121 1149 1196 1215 δαί·

126 1275 232 1335 prover.
276 1252 398 1338 Gale5)
420 1255 542 1316 confert
563 1255 640 1315 haec
661 1252 818 1316 Damascii
840 1253 915 1336 περὶ
938 1244 1048 1338 ἀρχῶν
1070 1249 1208 1332 inediti:¹

125 1358 154 1418 ol
174 1351 335 1442 εἰληχότος
354 1348 447 1440 ἡμᾶς
472 1356 633 1440 δαίμονες
654 1349 825 1422 αἀώλντον
846 1359 973 1443 ἔχουσι,
996 1349 1080 1434 πρὸς
1102 1350 1195 1438 ἡμᾶς

124 1456 278 1534 (inuoluat,
298 1450 343 1529 cic
362 1457 419 1524 sui
441 1463 474 1524 oi
495 1472 613 1541 νομοῖς
629 1451 714 1540 πρὸς
732 1451 775 1522 soi
794 1455 953 1538 ποίμνια.
996 1456 1099 1516 Malos
1116 1473 1196 1540 quo·

123 1577 180 1637 que
202 1559 307 1636 genios
328 1579 404 1637 esse,
426 1579 496 1621 cnm
517 1558 717 1640 Empedocle,
737 1560 868 1619 Platone
891 1567 922 1618 et
942 1559 1117 1620 Xenocrate
1139 1557 1196 1620 do·

122 1661 182 1722 cuit
203 1661 413 1743 Chrysippus,
444 1673 525 1722 teste
546 1663 715 1723 Plutarcho
728 1658 767 1741 ⁶).
811 1659 863 1720 Sic
884 1659 1052 1740 δαίμονας
1074 1655 1197 1734 κακούς

121 1763 210 1823 babet
229 1764 395 1826 Sallustius
408 1762 448 1844 ⁷),
469 1763 525 1822 ulai
546 1763 674 1822 omnino
695 1760 769 1823 vide
794 1760 880 1823 Gale.
925 1757 1100 1819 Secundum
1121 1781 1197 1820 sun·

120 1863 186 1925 dem
207 1864 388 1926 Sallustium
405 1862 434 1946 8)
455 1865 676 1925 sceleratorum
697 1863 817 1922 animos
839 1879 970 1940 corpore
991 1883 1130 1940 egressus
1152 1862 1197 1924 dii

121 1965 295 2046 expiatorss
312 1986 368 2026 ceu
387 1963 553 2026 daemones
574 1987 592 2027 a
612 1965 781 2027 sceleribus
800 1975 945 2044 purgant,
967 1967 1029 2030 rosi
1043 1962 1197 2050 σώματος

119 2065 317 2144 ἐξελθούσας
330 2065 441 2154 ψαχᾶα
457 2069 536 2135 θεοὶ
558 2067 740 2151 unitionem
756 2069 810 2133 sui
828 2066 988 2149 δαίμονος
1002 2069 1069 2132 τῶν
1084 2066 1197 2150 ἀμαρ-

118 2170 277 2254 αημάιων
307 2168 542 2253 καθαίρουσιν.
597 2169 683 2232 ldem
701 2169 730 2253 9)
761 2167 861 2244 dicit,
888 2179 1066 2247 peccatores
1091 2189 1108 2228 a
1137 2167 1197 2230 diis

119 2273 198 2336 tradi
213 2274 414 2338 daemonibus
431 2274 612 2352 tortoribus,
630 2273 768 2356 δαίμοσι
791 2272 1008 2347 celeusmate,
1024 2282 1055 2332 ct
1067 2269 1110 2356 ¹⁰)
1123 2269 1197 2336 dui-

116 2400 220 2463 μονες
242 2381 274 2444 οἱ
297 2374 495 2458 κολάζοντες
515 2370 579 2447 suin
599 2370 709 2462 ψυχας
726 2385 759 2435 et
774 2370 817 2458 11)
838 2373 1008 2453 impiorum
1030 2375 1198 2437 malorum·

114 2502 178 2563 que
200 2495 380 2544 nostrorum
404 2480 525 2542 animae
544 2480 730 2561 corporibus
753 2500 892 2559 egressae
911 2472 1198 2560 saturaremini

113 2582 289 2668 δαιμόνων
312 2580 575 2668 οαρατοόμοναι.
616 2580 680 2645 Sed
701 2579 780 2643 illud
808 2580 848 2642 de
875 2582 968 2660 genio
996 2582 1197 2643 observatore

113 2690 270 2747 bonorum
301 2700 481 2748 nostrorum
507 2688 724 2768 malorumque
750 2684 918 2747 esotericae
940 2681 1092 2745 duntaxat
1115 2672 1216 2744 stoi-⁸

112 2807 223 2849 curtim
254 2786 416 2849 doctrinae
446 2788 607 2849 decretum
637 2789 731 2855 luisse
760 2787 839 2848 milri
866 2784 1003 2849 ridetur.
1057 2786 1099 2847 lli
1128 2806 1197 2847 cum

110 2892 215 2971 probe
238 2903 382 2969 nossent,
411 2893 516 2953 omnia
543 2892 634 2953 nobis
663 2892 745 2952 mals
773 2888 961 2972 persuadere
986 2886 1197 2965 solitudinem,
1233 2874 1235 2883 ¹

109 3006 147 3053 ut
170 2994 216 3054 ait
234 2993 352 3061 Seneca
369 2992 412 3078 12)
434 2993 641 3056 conferendus
664 3005 695 3055 et
714 2994 791 3055 alibi
810 2993 863 3078 ¹⁶),
884 3006 915 3055 et
931 3012 1072 3071 magnam
1091 3012 1198 3071 pecca·

108 3110 220 3157 torum
245 3110 367 3175 partem
389 3098 477 3172 tolli,
505 3098 532 3157 si
553 3096 726 3175 peccaturis
746 3096 836 3156 testis
862 3093 1008 3170 adsistat,
1038 3092 1197 3171 discipulis

106 3197 177 3259 suis
206 3194 349 3256 noudum
375 3194 509 3255 initiatis
538 3196 696 3259 custodem
726 3198 961 3279 imposuerunt,
989 3206 1026 3257 ut
1046 3195 1197 3256 haberent

184 3409 219 3479 t)
238 3409 535 3482 representans.
562 3409 619 3480 [Sic
639 3411 764 3467 lVNONl
783 3412 810 3466 in
830 3412 919 3467 fronte
936 3413 1142 3485 inscriptionum
1164 3411 1197 3465 ad

102 3499 246 3565 seminas,
273 3497 388 3552 cnuto
408 3498 441 3551 ad
460 3518 547 3553 mares
569 3510 680 3571 spectat.
720 3500 1041 3555 commonstrantes
1062 3503 1143 3555 1818.
1161 3518 1197 3553 m.

103 3590 195 3642 Febr.
219 3609 247 3660 p.
263 3590 326 3643 118.
359 3588 403 3642 De
425 3588 592 3656 Iunonibus,
616 3589 733 3661 propriis
751 3590 894 3645 mulierum
913 3591 1011 3663 geniis,
1036 3590 1071 3645 ci.
1091 3589 1197 3645 Graevii

100 3677 198 3749 Epist.
219 3679 264 3731 51.
283 3697 308 3749 p.
327 3679 389 3730 821).
426 3675 572 3731 Cardiuaiii
591 3676 676 3733 lauris.
696 3678 776 3732 Velit.
796 3699 822 3749 p.
844 3680 898 3747 29.)

184 3767 218 3833 2)
238 3764 279 3817 De
298 3785 327 3817 re
346 3765 419 3837 publ.
438 3766 471 3818 X.
490 3784 516 3835 p.
536 3768 598 3819 165.
766 3765 796 3834 3)
815 3765 872 3819 Ecl.
892 3764 967 3839 phys.
987 3786 1013 3838 p.
1030 3769 1074 3819 11.

182 3853 217 3919 4)
237 3852 281 3908 De
299 3853 403 3907 mundo
421 3872 443 3906 c.
463 3856 506 3907 10.
527 3872 553 3922 p.
568 3854 631 3920 218,
651 3852 697 3905 ubi
716 3851 774 3905 eide
794 3850 871 3905 Gale.
967 3854 998 3920 8)
1016 3852 1081 3923 rag.
1100 3855 1161 3906 118.

182 3941 217 4007 8)
239 3940 280 3994 De
298 3960 370 3995 orac.
389 3941 442 3997 det.
462 3961 489 4012 p.
504 3943 567 3995 sto.
688 3939 719 4008 1)
737 3940 779 3993 De
797 3938 899 3995 mundo
918 3960 943 3995 c.
962 3942 1004 3993 tr.
1023 3961 1048 4011 p.
1065 3942 1126 3995 188.

182 4029 218 4096 8)
238 4028 280 4081 lle
298 4028 402 4083 mundo
422 4048 449 4101 p.
467 4032 527 4083 tot.
688 4028 719 4095 8)
739 4026 806 4099 Cap.
825 4030 868 4082 15.
886 4048 912 4101 p.
932 4032 993 4085 118.

159 4117 218 4184 111)
239 4115 305 4190 Cap.
324 4121 367 4173 to.
387 4138 414 4190 p.
433 4120 493 4171 211.
672 4114 721 4182 11)
739 4114 802 4187 Peg.
820 4120 881 4169 228.

158 4207 216 4276 12)
237 4206 320 4278 Epist.
338 4210 380 4263 2⁵.
674 4203 721 4270 tt)
740 4202 822 4275 Epist.
842 4206 884 4259 tt.
