2984 4825
227 950 229 955 ’
341 1018 692 1107 rnaurnrro
729 1020 1030 1108 antroms.

145 1213 349 1363 Alienum,
373 1300 443 1345 non
469 1300 580 1347 meum
606 1266 694 1377 opus
720 1300 826 1377 opera
853 1302 927 1349 mea
946 1272 1176 1379 qualicunque
1197 1278 1233 1350 in

146 1372 322 1471 publicum
351 1374 516 1454 emissura
540 1371 625 1449 nihil
646 1376 744 1477 prius
770 1376 854 1449 mihi
877 1375 1072 1451 laciendum
1092 1378 1235 1467 videtur,

170 1504 249 1549 uam
282 1494 318 1549 ut
350 1477 463 1579 operis
499 1478 590 1550 curis
622 1480 706 1553 meis
740 1506 834 1553 nunc
858 1480 939 1552 editi
962 1481 1127 1554 rationem
1156 1481 1235 1554 red-

146 1501 225 1651 dam
251 1574 420 1653 idoneam.
474 1579 537 1652 Cui
565 1578 680 1655 officio
704 1580 767 1655 rite
787 1599 825 1655 ut
842 1579 1059 1673 satisfaciam,
1085 1584 1234 1685 primum

145 1705 250 1777 quam
277 1678 474 1754 brevissime
500 1698 621 1780 potero
648 1685 901 1773 enarrandum,
933 1683 993 1784 qui
1027 1686 1153 1759 lactum
1182 1686 1236 1772 sit,

144 1798 181 1853 ut
218 1809 281 1883 ego
318 1782 456 1885 quidem
492 1782 605 1885 operis
637 1784 739 1859 huius
774 1784 1140 1887 postumi'evulgaodi
1176 1814 1236 1871 ne,-

143 1882 275 1979 gotium
296 1879 332 1957 in
354 1912 406 1959 me
425 1888 646 1987 susceperim.
697 1887 809 1962 Huius
832 1907 942 1961 autem
964 1888 1097 1963 consilii
1118 1905 1236 1962 aucto-

143 2012 216 2056 rem
241 1986 346 2061 habui
368 1986 618 2084 gravissimum,
644 2017 745 2089 quem
764 1990 830 2065 sibi
853 1992 923 2065 lato
947 2018 1060 2092 nuper
1081 2008 1233 2092 ereptum

144 2086 392 2191 Petropolitani
420 2107 452 2163 et
487 2117 563 2161 cum
594 2088 647 2161 his
682 2090 852 2193 quidquid
886 2107 937 2165 est
967 2092 1050 2165 artis
1076 2094 1236 2195 antiquae

141 2188 381 2260 studiosorum
401 2186 539 2285 lugent,
564 2190 753 2261 Henricum
781 2192 823 2262 de
848 2190 1016 2278 Koehler,
1051 2193 1110 2293 qui
1133 2194 1235 2291 quin-

144 2315 216 2387 que
239 2286 387 2387 amplius
410 2286 535 2359 abhinc
558 2286 675 2358 lustris
696 2288 837 2360 Parisiis
858 2291 892 2359 in
916 2288 1122 2365 bibliotheca
1141 2292 1236 2390 regia

143 2416 236 2490 quac
263 2388 427 2462 lobannis
454 2386 629 2489 Baptistae
655 2387 797 2490 Caspari
830 2388 974 2464 d'ttnsse
998 2388 1040 2466 de
1069 2391 1234 2471 Villoison

142 2520 251 2564 manu
278 2490 405 2592 scripta
432 2518 467 2563 re
494 2489 579 2564 osita
610 2507 690 2564 sunt
716 2491 849 2566 curiose
875 2493 1098 2594 perquirens,
1127 2501 1233 2597 quum

141 2593 181 2666 in
211 2620 266 2667 eas
292 2591 437 2666 schedas
462 2518 548 2668 lurte
573 2591 760 2683 incidisset,
787 2595 912 2696 quibus
934 2623 1021 2695 quae
1043 2594 1087 2670 ad
1108 2626 1235 2697 paran-
1332 2645 1335 2648 ·

139 2695 226 2768 dam
255 2693 395 2768 Cornuti
423 2693 613 2768 denatura
641 2693 783 2772 deorum
811 2695 1145 2771 editionem‘novam
1178 2697 1234 2775 ille

141 2797 415 2899 conscripserat,
445 2798 718 2887 continerentur,
749 2799 862 2872 subito
885 2816 1048 2899 tanquam
1073 2799 1234 2875 thesauro

145 2917 285 3001 reperto
313 2897 478 2972 exsultare
507 2927 628 3001 meque
646 2900 817 2993 iuvenem
853 2902 946 2973 iuxta
973 2917 1043 2974 tum
1071 2902 1234 2978 adsiden-

140 3020 213 3074 tem
241 3001 423 3104 appellare,
449 3002 566 3098 gaudii
592 3003 795 3102 participem
824 3001 947 3092 iacere,
966 3030 1060 3093 ,mon
1094 3031 1131 3078 re
1153 3003 1232 3079 dili-

140 3103 282 3202 gentius
303 3104 466 3204 inspecta,
493 3103 768 3204 praestantiaque
786 3100 971 3203 copiarum¹
985 3102 1106 3176 barum
1130 3106 1232 3178 uber-

140 3207 332 3294 rimarum,
366 3233 510 3306 quarum
538 3205 663 3280 lamam
692 3207 758 3280 iam
787 3202 918 3280 dudum
946 3202 1095 3277 subinde
1118 3199 1228 3280 divul-

139 3326 259 3406 gatam
288 3307 393 3380 luisse
423 3305 567 3409 posthac
592 3307 760 3402 rescii*),
786 3308 940 3406 cognita,
970 3305 1141 3379 exhortari
1169 3336 1234 3398 me,

140 3429 183 3484 ut
207 3407 358 3482 laborem
390 3409 504 3512 operis
530 3409 633 3484 buius
656 3409 806 3511 postumi
828 3408 1007 3528 rediqendi
1032 3408 1232 3507 evulgandi-

170 3539 214 3584 ue
239 3511 402 3588 subirem.
452 3511 558 3610 Quod
582 3539 708 3586 munus
733 3538 774 3584 eo
795 3509 966 3587 lubentius
988 3511 1095 3611 inme
1120 3530 1232 3587 trans-

139 3543 231 3687 leret
256 3613 338 3700 sivi,
366 3641 434 3711 quo
457 3616 566 3712 magis
592 3614 655 3704 viri
679 3613 831 3688 defuncti
851 3614 1010 3714 quidem,
1035 3613 1150 3687 sedin
1173 3619 1232 3689 ore

143 3714 330 3792 hominurn
369 3712 612 3806 elegantiorum
648 3743 825 3818 nunquam
850 3717 1019 3790 interituri
1049 3716 1230 3791 memoriae

143 3814 268 3888 deberi
298 3809 541 3908 intelligebam,
568 3833 604 3888 ut
655 3813 717 3889 uae
744 3845 871 3912 magno
894 3817 968 3914 ipse
987 3814 1100 3891 studio
1125 3836 1156 3892 et
1176 3821 1232 3894 in-

143 3918 281 3992 dustria
310 3911 520 4006 contulisset,
546 3943 589 3987 ne
613 3845 714 4013 plane
737 3914 888 4014 perirent
910 3915 1029 3992 scdulo
1048 3939 1232 4001 careretur.

141 4054 433 4068 m-—n—

214 4125 245 4206 *)
268 4127 309 4186 V.
340 4125 424 4190 Bast.
453 4125 510 4205 Ep.
542 4123 611 4186 crit.
639 4145 670 4205 p·
692 4129 744 4188 43.
789 4125 966 4190 Groddeck.
988 4129 1069 4192 Hist.
1092 4129 1154 4188 tin.
1175 4127 1230 4187 Gr.

144 4211 189 4272 Τ.
211 4211 249 4273 ll.
278 4231 309 4289 p.
334 4213 406 4272 tt4.
449 4209 572 4272 Schoell
602 4209 659 4271 Gr.
686 4209 764 4272 Litt.
792 4213 829 4273 Τ.
851 4213 888 4273 ΙΙ.
915 4235 948 4293 p.
969 4217 1050 4277 ott.
1087 4213 1231 4277 Weater-

147 4315 245 4357 maun
267 4295 428 4377 Mythogr.
449 4294 559 4358 Graec.
579 4317 612 4376 p.
632 4315 699 4358 xvr.

908 4406 953 4466 *2
