2984 4825
666 356 711 371 ··
756 343 861 385 mitt
904 354 947 369 ¹·-

269 491 324 553 itte
351 492 433 554 liber
462 487 520 575 qui
546 513 629 554 nune
650 492 771 557 serrari
791 490 909 554 dicitur
929 489 963 551 iu
984 488 1078 568 Regis
1105 487 1280 551 Galliarum
1306 488 1355 551 bi·

268 591 426 655 bliotheca
446 595 505 656 sub
527 596 653 657 nomine
676 595 832 657 Phurnuti
854 616 918 656 una
940 614 1009 655 eum
1030 590 1184 671 Magistro
1205 589 1246 653 da
1266 593 1353 655 vocis

267 694 392 758 Atticis.
432 697 476 759 At
497 696 658 759 Fabricius
679 698 764 759 Bibl.
785 696 841 759 Gr.
862 698 899 759 L.
920 698 972 759 111.
995 717 1022 757 c.
1043 698 1096 758 16.
1114 694 1152 755 Τ.
1174 694 1213 755 11.
1233 716 1267 775 p.
1286 698 1349 757 461

267 798 351 860 huuc
370 798 589 877 Phuruutum,
617 799 673 881 qui
694 800 727 860 in
750 818 833 863 nova
853 800 1051 863 Bibliotheca
1072 796 1212 858 Labbaei
1233 819 1266 877 p.
1289 802 1352 860 166

269 900 406 964 traditur
424 914 547 965 exstare
569 902 602 963 in
621 901 699 963 Cod.
715 906 758 964 29
773 903 867 982 Regis
882 899 1152 979 christianissimi,
1175 917 1240 961 aon
1256 901 1351 961 atium

268 1024 335 1067 esse
355 1006 395 1066 ab
417 1003 502 1067 edito
525 1003 566 1067 de
589 1004 649 1066 diis
670 1006 753 1067 libro
774 1006 932 1068 observat.

354 1106 448 1183 Quod
469 1107 548 1167 Gale
574 1108 699 1187 putavit
721 1108 756 1168 in
777 1110 837 1170 boc
857 1122 968 1172 nostro
990 1128 1087 1189 opere
1109 1107 1253 1189 profiteri
1273 1107 1353 1169 Cor·

268 1220 381 1270 nutum
406 1209 651 1290 rescripturum
673 1209 708 1271 in
730 1211 917 1290 Hesiodum,
939 1211 977 1273 ad
999 1213 1060 1273 boc
1083 1208 1271 1271 credendum
1294 1209 1353 1269 im·

266 1312 376 1391 pulsus
399 1311 460 1373 tuit
481 1314 667 1376 auctoritate
688 1313 751 1375 loci
773 1312 871 1394 dubii,
893 1316 949 1397 qui
967 1310 1103 1375 occurrit
1118 1334 1151 1392 p.
1165 1314 1237 1373 tta.
1254 1333 1281 1373 c.
1293 1314 1350 1374 st:

268 1409 374 1483 'Attd
395 1418 457 1483 soti
479 1420 547 1501 μὲν
565 1410 730 1482 Ἠσιόδου
754 1428 814 1478 etc.
856 1416 1016 1479 Fabricius
1038 1438 1070 1496 p.
1091 1416 1157 1475 400
1178 1412 1253 1474 dicit
1272 1412 1352 1474 Cor·

267 1529 379 1579 nutum
410 1518 459 1583 bis
487 1521 593 1583 verbis
622 1520 879 1591 commentarium
906 1520 941 1581 ia
968 1515 1141 1582 Hesiodum
1167 1515 1350 1596 promittere

268 1619 372 1683 videri
393 1622 489 1684 etita
511 1623 697 1687 vertendum
718 1644 784 1687 esse
802 1625 893 1685 illum
915 1623 1027 1698 locum,
1048 1640 1106 1681 nac
1122 1618 1272 1683 Clausero
1293 1640 1350 1681 uec

267 1724 399 1785 Velario
421 1705 630 1789 intellectum:
664 1726 737 1805 „sed
763 1725 892 1789 Hesiodi
915 1724 1042 1808 quidem
1063 1721 1233 1802 perfectior
1253 1722 1351 1783 iater-

267 1829 405 1907 prctatio
427 1830 490 1891 alio
512 1832 582 1892 ioco
603 1829 672 1891 dari
695 1831 830 1913 poterit,
862 1830 919 1911 qui
940 1827 1107 1903 nonnuila,
1141 1838 1176 1887 ut
1196 1823 1350 1900 existimo,

268 1932 552 2014 abantiquissimis
575 1932 727 2015 theologis
750 1931 931 2013 desumpsit,
952 1929 1144 1993 fabulosiora
1166 1926 1350 1991 11101111-

268 2032 316 2095 dit
334 2034 412 2117 ipae,
433 2057 496 2121 qua
517 2037 638 2099 ratione
656 2038 793 2119 plurima
813 2036 916 2117 capita
932 2035 1080 2117 autiquae
1096 2031 1271 2110 theologiae
1287 2051 1350 2092 nou

266 2136 466 2213 mediocriter
487 2141 648 2221 corrumpi
675 2139 862 2221 contingit”;
894 2136 950 2200 ubi
971 2136 1078 2217 vides,
1107 2133 1284 2199 Fabricium
1304 2135 1351 2197 lc·

266 2238 346 2319 gissa
367 2237 444 2308 1111ι
457 2236 502 2307 cie
523 2262 582 2321 pro
604 2238 673 2309 τότ’
690 2238 791 2326 ast).

352 2342 438 2405 ldem
454 2342 531 2403 Gale
549 2342 588 2404 ad
609 2343 783 2406 Cornutum
801 2364 828 2405 c.
839 2350 869 2405 1.
891 2364 923 2424 p.
939 2342 1001 2404 139
1023 2353 1162 2419 annotat,
1183 2339 1255 2400 huic
1271 2357 1351 2421 quo·

266 2464 328 2526 que
350 2439 468 2506 Nbstro
489 2445 588 2506 tribui
610 2444 829 2514 Δωδέκαθλον
851 2446 995 2507 Herculis
1016 2446 1050 2506 in
1072 2440 1149 2505 cod.
1169 2441 1294 2503 Veneto
1317 2453 1349 2502 et

267 2565 341 2607 saue
364 2543 541 2608 immediate
571 2546 732 2628 praemitti
761 2544 834 2607 huic
861 2547 952 2628 operi
977 2545 1011 2608 in
1033 2543 1110 2608 cod.
1132 2540 1234 2607 Oxou.
1256 2567 1290 2622 a,
1315 2553 1351 2604 ut

245 2687 251 2698 ι
268 2648 366 2713 edidit
394 2651 538 2713 Allatius.
582 2649 634 2714 Sic
665 2663 695 2712 et
725 2649 940 2735 praemittitur
967 2651 1000 2711 in
1032 2647 1110 2711 cod.
1137 2647 1286 2708 Laureut.
1310 2650 1351 2709 19

267 2753 368 2834 plutei
389 2757 432 2816 60
454 2755 487 2816 in
513 2754 612 2818 Catal.
633 2755 714 2818 Bibl.
735 2755 831 2817 Lam.
852 2755 891 2816 Τ.
910 2756 949 2819 lt.
973 2776 1004 2835 p.
1024 2756 1106 2829 609,
1133 2753 1187 2813 ubi
1208 2750 1351 2812 inscribi·

268 2868 321 2918 tur
336 2856 389 2922 -01
413 2848 534 2922 doidrsm
558 2852 683 2940 drusae
703 2859 769 2924 τοῦ
788 2849 1009 2940 Ἡρακλέους,
1030 2854 1173 2917 versibus
1192 2873 1249 2916 sex
1269 2853 1352 2932 poli·

268 2956 337 3019 tisis
359 2955 522 3036 descripti,
544 2967 574 3017 et
595 2968 703 3037 postea
724 2958 827 3019 soluta
848 2961 991 3020 oratione
1011 2960 1166 3039 capitibus
1187 2956 1351 3018 duodecim

268 3058 432 3140 explicati,
461 3072 587 3121 auctore
614 3079 786 3142 anonymo,
816 3073 846 3122 et
869 3063 924 3123 ubi
946 3060 1135 3124 concordare
1155 3061 1281 3142 penitus
1303 3057 1352 3118 di·

267 3175 379 3225 cuntur
404 3183 472 3225 cum
501 3162 593 3226 editis
621 3162 705 3224 inter
734 3163 890 3244 Excerpta
917 3165 1004 3226 varia
1026 3163 1218 3226 Graecorum
1243 3160 1351 3242 sophi-

266 3278 384 3328 starum
413 3278 443 3328 et
466 3268 630 3327 rhetorum
651 3265 767 3330 Leonis
787 3266 899 3328 Allatii
919 3268 1037 3330 Romae
1061 3269 1155 3328 1641.
1185 3288 1203 3326 1
1232 3287 1264 3345 p.
1286 3265 1348 3324 321

267 3367 306 3430 ad
328 3391 360 3449 p.
374 3373 448 3432 341.
492 3367 574 3431 Vide
598 3379 629 3428 et
652 3367 783 3430 Galeum
805 3367 844 3432 ad
865 3369 961 3432 finem
979 3392 1005 3432 c.
1019 3375 1057 3431 21
1081 3369 1215 3432 Cornuti
1233 3390 1265 3447 p.
1276 3369 1351 3427 227.

267 3472 458 3534 CiaFabric.
477 3472 561 3534 Bibl.
582 3470 638 3532 Gr.
664 3471 701 3534 T.
720 3472 758 3534 H.
787 3494 820 3552 p.
839 3476 905 3535 400
919 3473 977 3558 **).
1021 3471 1120 3551 „Sem
1150 3484 1185 3532 ut
1206 3471 1352 3532 observat

268 3607 553 3622 *ι’-Μ

339 3675 363 3744 ⁶)
383 3675 504 3744 [Praeter
521 3673 678 3728 Martinium
698 3693 724 3748 p.
743 3679 812 3744 tuo,
838 3677 885 3749 qui
910 3675 984 3729 illam
1002 3675 1130 3747 Eregcsin
1153 3676 1182 3728 in
1206 3675 1352 3728 Hesiodum

267 3764 336 3816 iuter
354 3781 399 3817 eos
416 3762 531 3817 Cornuti
551 3761 633 3817 libros
650 3775 781 3829 recenset,
800 3783 868 3836 quos
885 3763 963 3817 huius
978 3763 1123 3836 scripturas
1134 3783 1191 3818 csse
1205 3775 1280 3819 certo
1295 3781 1353 3815 nou

268 3861 385 3919 constat,
411 3852 468 3905 ride
488 3851 565 3904 uobis
583 3861 673 3906 notate
699 3852 731 3904 ad
756 3851 833 3905 illuns
852 3851 967 3908 Cornuti
987 3853 1078 3906 iocum
1096 3851 1130 3917 i.,
1155 3873 1185 3905 es
1204 3871 1259 3924 quo
1278 3869 1355 3906 nuuc

268 3939 376 3992 demum
402 3939 435 3991 sd
462 3939 598 4009 pristinam
623 3957 733 3992 manum
759 3941 878 3996 restituto
904 3953 993 4014 patet,
1021 3941 1054 3995 dc
1073 3941 1142 3994 libro
1160 3940 1189 3993 in
1208 3939 1354 3993 Hesiodum

268 4026 411 4081 scribendo
429 4045 580 4079 sermonem
598 4028 711 4082 omnino
730 4047 786 4082 aon
804 4031 879 4097 1111]

326 4115 363 4184 “)
382 4115 428 4182 [V.
446 4113 604 4169 Martinium
619 4115 638 4168 l.
651 4135 675 4169 c.
694 4135 720 4187 p.
732 4119 785 4169 ¹⁰2
803 4127 831 4170 11
847 4137 917 4189 quac
935 4117 1100 4171 coniscimus
1117 4117 1146 4171 iu
1164 4133 1278 4172 censura
1297 4115 1357 4169 eius

268 4203 350 4258 libelli
369 4203 482 4276 Ephcru.
500 4201 623 4258 11111111.
641 4206 721 4258 1832.
740 4203 836 4277 Suppl.
855 4209 917 4260 166.
936 4227 963 4278 p.
981 4207 1057 4273 ihd]
