2984 4825
736 331 977 393 ..454-

311 490 381 554 dios
397 489 441 575 ¹),
470 492 545 576 qui,
577 504 612 553 ut
634 493 864 574 Tertullianus,
895 496 1031 559 enimam
1059 517 1188 581 quoque
1219 518 1399 582 corpoream

311 590 512 658 crediderunt
540 607 571 657 et
601 593 768 677 dixerunt,
798 600 879 661 nihil
900 620 988 679 esse,
1016 599 1104 683 quod
1123 620 1189 663 nou
1212 603 1312 665 sitin
1334 610 1401 667 suh·

310 697 425 760 stantia
451 720 507 761 sua
535 712 564 761 et
593 701 751 763 creatione
781 722 986 785 corporeum,
1016 725 1074 765 nec
1094 702 1270 786 quidquam
1291 719 1399 785 putan-

312 798 386 865 dum
416 802 586 865 materialis
618 806 853 885 compositionis
882 806 1022 869 immtm
1055 809 1096 869 sb
1128 829 1230 890 eaque
1259 810 1397 889 alienun,

311 914 438 987 praeter
458 904 512 969 88.
534 904 698 970 Trinitatis
720 910 935 971 substantiam.
978 913 1068 987 Nom,
1088 923 1125 973 ut
1145 911 1191 972 ait
1210 912 1356 975 Hilarius
1366 915 1397 997 ²),

311 1021 338 1071 et
358 1015 515 1071 almorum
538 1016 651 1091 species,
671 1017 726 1074 sire
743 1015 919 1077 obtimium
940 1036 1074 1096 corporo,
1092 1021 1147 1077 sebe
1167 1020 1336 1098 carpantur
1354 1044 1398 1081 en

313 1112 465 1189 olentium,
496 1134 661 1193 corpoream
689 1128 785 1179 tomen
809 1131 933 1181 murae
951 1141 1005 1202 per
1024 1121 1211 1183 substantiam
1230 1128 1398 1201 parmam.

310 1210 350 1273 Et
380 1212 439 1275 hoc
467 1212 593 1295 quidem
625 1236 736 1295 sensu,
768 1218 885 1283 scilicet
912 1232 1066 1303 quantum
1087 1219 1128 1283 ati
1148 1224 1397 1302 corporationem

311 1316 497 1379 crassiorum
519 1338 697 1399 corporum,
724 1320 769 1381 its
790 1345 923 1406 corporo,
948 1321 1034 1385 dicta
1054 1324 1149 1387 htisse
1169 1333 1350 1410 incorporea,
1368 1343 1397 1391 ut

311 1418 510 1483 ueteribus
540 1421 608 1501 ipso
639 1424 769 1507 materis
800 1436 879 1487 teste
903 1426 1082 1509 Porphyrio
1098 1426 1128 1512 ⁵)
1147 1426 1223 1491 icleo
1246 1430 1332 1493 dicta
1358 1447 1397 1495 est

310 1529 484 1607 incorporeo,
505 1522 591 1605 quod
614 1536 693 1585 esset
715 1526 778 1585 alia
797 1548 816 1587 a
837 1530 1036 1609 corporibus,
1062 1532 1126 1612 τῆς
1145 1529 1233 1615 ὕλης
1255 1530 1302 1600 sei
1324 1538 1397 1613 ἴδια,

311 1620 396 1693 euru
418 1622 499 1699 τούς
519 1618 699 1715 ἀρχαίους,
719 1624 800 1695 τάδε
822 1627 997 1712 ἀσώματα·
1022 1640 1117 1714 ἕτερα
1138 1627 1206 1718 peip
1227 1632 1397 1719 σωμάτων,

311 1726 383 1789 vids
403 1727 648 1793 demonstratum
672 1728 756 1811 apud
779 1732 854 1793 clar.
874 1733 1056 1797 Beausobre
1072 1734 1101 1815 ⁴)
1134 1747 1167 1797 et
1187 1737 1276 1817 apud
1299 1742 1396 1803 erudi·

312 1828 464 1893 tissimum
487 1846 516 1895 et
538 1833 624 1893 omui
645 1830 787 1893 doctrina
814 1838 973 1899 excultum
984 1835 1024 1899 de
1040 1837 1183 1920 Burigny
1200 1838 1238 1924 ⁵),
1261 1843 1313 1904 cui
1333 1848 1396 1925 plu-

312 1927 391 1989 rima
413 1932 536 2009 egregia
558 1932 706 1995 debemus
729 1955 836 2017 opera,
858 1958 992 2021 quorum
1013 1940 1160 2021 plurimis
1176 1962 1290 2007 nomen
1308 1968 1398 2011 suum

311 2049 505 2112 praeponere
528 2036 678 2115 neglexit.

397 2134 465 2197 Hoc
486 2148 592 2218 putres
615 2138 788 2202 Christiani
807 2142 1006 2206 retinuerunt
1026 2166 1044 2206 e
1066 2147 1185 2225 uetari,
1208 2172 1268 2232 qua
1283 2150 1399 2215 imbuti

311 2237 451 2318 luerunt,
478 2238 655 2304 Stoicorum
678 2243 889 2325 philosophis.
930 2247 1053 2329 Nempe
1073 2248 1172 2313 Stoici
1195 2254 1294 2331 nihil,
1323 2270 1400 2320 teste

311 2340 600 2425 Pseudo-Origene
617 2343 662 2430 ⁶),
692 2360 819 2428 praeter
840 2368 974 2431 corpore
994 2350 1064 2414 dari
1085 2354 1321 2439 opinabantur,
1343 2361 1399 2428 oti·

310 2467 403 2528 ματα
426 2443 541 2514 πάντα
562 2441 758 2532 unibertum
781 2453 864 2517 unde
882 2467 914 2518 st
930 2458 1048 2521 enimus
1065 2478 1235 2541 corporeas
1253 2483 1325 2526 esse
1342 2467 1399 2527 exi·

310 2543 486 2610 stimabant.
537 2546 700 2614 Nemesion
714 2551 759 2637 ⁷):
789 2555 999 2642 Δημόκριτος
1027 2561 1082 2628 sat
1110 2555 1327 2648 Ἐπίκουρος
1353 2569 1397 2635 ssi

310 2649 383 2716 πᾶν
405 2645 444 2716 τὸ
465 2653 531 2722 τῶν
554 2653 711 2722 Στωϊκῶν
734 2655 925 2742 φιλοσόφων
946 2653 1104 2746 σύστημα
1126 2666 1227 2749 oripo
1250 2663 1323 2752 τὴν
1343 2689 1399 2750 oe

311 2744 375 2837 χὴν
395 2743 650 2835 ἀποφαίνονται
667 2754 706 2840 ⁸).
751 2759 845 2840 Apud
874 2761 998 2826 eosdem
1026 2763 1149 2830 Stoicos
1175 2768 1345 2855 quitquid
1366 2774 1400 2834 h

310 2891 591 2906 m

382 2961 413 3032 t)
430 2963 472 3018 De
488 2963 592 3022 Eccles.
611 2969 701 3041 dogm.
719 2992 741 3026 c.
759 2975 802 3031 11.
821 2978 938 3047 append.

382 3050 412 3121 2)
431 3053 461 3108 L.
479 3051 498 3108 l.
819 3062 849 3132 3)
867 3063 989 3124 Sentent.
1008 3075 1053 3127 st.
1071 3093 1099 3146 p.
1112 3077 1164 3130 226
1183 3075 1229 3130 etl.
1250 3077 1399 3150 Canthum·

378 3141 410 3212 t)
429 3142 543 3198 Histoire
562 3145 599 3199 du
618 3146 811 3206 Manlcheisme
828 3151 873 3220 ΙΙΙ,
893 3160 918 3209 2.
936 3157 968 3213 Τ.
983 3163 1003 3214 l.
1020 3182 1048 3235 p.
1061 3165 1125 3220 482.

378 3228 409 3299 b)
426 3229 573 3305 Theologie
592 3235 736 3308 Psyeune,
756 3238 788 3293 T.
807 3241 826 3294 l.
843 3262 871 3316 p.
888 3247 949 3301 stt.

380 3318 410 3388 6)
429 3319 627 3394 Philosophum.
647 3345 673 3397 p.
693 3328 755 3381 ttt.

381 3405 412 3474 1)
431 3408 471 3462 De
490 3421 543 3464 nat.
561 3411 634 3466 horn.
653 3433 676 3470 c.
691 3419 717 3482 2,
736 3415 770 3469 tle
787 3419 877 3475 anime
898 3441 926 3494 p.
939 3427 974 3479 ts
993 3427 1034 3481 ed.
1052 3427 1193 3500 Antwerp.
1215 3433 1310 3488 1565.
1331 3435 1410 3505 [p-b‘·

308 3491 350 3546 etl.
366 3493 513 3564 Matthaei]

380 3579 410 3650 8)
429 3581 610 3644 Tertullianus
628 3591 661 3645 de
679 3595 770 3651 anima
791 3617 814 3653 e.
828 3604 854 3655 1.
872 3621 899 3674 p.
912 3605 981 3658 lbi:
1003 3605 1107 3661 Stoicos
1125 3601 1232 3679 bllego,
1253 3611 1315 3682 qui
1334 3612 1416 3680 epin-

308 3677 366 3722 tum
382 3673 572 3740 praedicantes
590 3681 721 3743 animam,
735 3704 804 3754 pene
821 3687 972 3755 nobiscum,
990 3711 1045 3764 qua
1061 3695 1187 3764 proximo
1205 3696 1291 3750 inter
1312 3717 1350 3750 se
1364 3700 1419 3768 fin

306 3761 538 3831 susceptibiles,
556 3775 647 3820 tomen
665 3788 769 3842 corpus,
788 3774 905 3828 animam
919 3778 1009 3850 focile
1024 3782 1238 3850 persuadebunt.
1283 3789 1421 3857 Denique

307 3847 378 3898 Zeno
395 3851 527 3904 consitum
546 3853 673 3922 spiritum
697 3858 827 3927 definiens
850 3864 983 3926 animam,
1006 3870 1057 3922 hoc
1076 3869 1151 3924 modo
1174 3871 1326 3925 instruit.-
1364 3892 1422 3945 que.

306 3931 411 4003 inquit,
429 3937 555 4010 'digresso
572 3945 676 3996 animat
693 3948 838 4015 sutoritur,
864 3968 960 4023 corpus
977 3966 1037 4018 θείς
1065 3958 1168 4011 consito
1183 3968 1291 4012 essm
1311 3963 1426 4032 spirita

308 4019 436 4091 digresso,
453 4030 556 4081 animal
567 4033 712 4086 emoritur:
732 4054 796 4107 ergo
813 4041 934 4094 consitus
951 4043 1067 4113 spiritus
1083 4063 1180 4116 eorpus
1195 4057 1240 4100 est
1249 4069 1262 4108 ‚·
1285 4052 1427 4102 consitas·

308 4116 401 4159 cutem
418 4113 533 4179 spiritur
551 4119 641 4171 animo
660 4132 716 4174 est:
739 4141 804 4196 ergo
821 4141 977 4199 corpusne
998 4135 1098 4190 onim
1135 4133 1218 4202 [Hine
1236 4136 1324 4192 illud
1347 4139 1429 4192 Stoi-

312 4206 407 4246 corum
426 4197 540 4268 dogma,
567 4223 627 4260 cum
647 4227 761 4281 corpore
780 4232 899 4272 creseere
917 4219 1035 4275 enimam
1053 4233 1080 4279 et
1097 4241 1188 4278 rursus
1206 4222 1298 4280 simul
1323 4225 1432 4281 minui,
