2984 4825
559 378 797 438 -451-

138 556 203 607 erut
225 566 320 623 ageos,
342 524 476 605 alterum
498 558 575 603 vero
594 548 722 625 pallene:
749 539 804 603 eed
825 540 950 603 Plutoni
971 542 1109 625 primum
1131 543 1219 626 prin·

137 648 268 728 cipium,
300 645 332 709 id
364 656 427 721 eet,
464 641 557 705 deum
588 642 692 707 uideri
724 643 965 725 incorporeum,
997 644 1110 709 Stoicis
1141 666 1218 711 vero

135 763 304 831 utrumque
329 765 532 829 corporeum:
555 740 657 835 α’ρχᾰς
679 745 769 833 ὕλην
792 750 845 815 uni
868 742 977 828 θεόν,
997 743 1041 823 ὥς
1062 748 1219 817 Πλάτων.

135 845 207 917 ἀλλ’
226 840 322 917 οὗτοι
341 846 443 935 ἄμφω
458 842 598 935 σώματά
622 874 726 936 φασιν
744 850 845 928 εἶναι,
866 851 922 917 eol
943 844 983 916 ed
1005 855 1143 931 notorie,
1164 856 1219 923 καὶ

135 944 174 1017 ed
195 949 346 1040 πάσχον,
376 950 505 1017 ἐκείνου
528 952 663 1035 πρῶτον
684 952 811 1019 ποιοῦν
832 953 946 1019 αἴτιον
971 946 1150 1036 ἀσώματον
1171 955 1219 1021 ei-

134 1078 193 1120 ναι
217 1055 385 1139 λέγοντος.
438 1054 533 1115 Recte
559 1054 656 1133 igitur
676 1054 821 1115 Laertiue
839 1053 881 1136 ¹),
910 1054 1078 1117 diecrimen
1098 1074 1218 1134 ponere

135 1155 219 1215 inter
234 1156 409 1221 ΑΡΧΑΣ
421 1153 459 1237 ⁹),
478 1163 628 1240 principio,
649 1168 681 1219 et
705 1158 737 1223 Σ
740 1158 962 1236 ΊὉῙΧΕΙΑ,
978 1162 1121 1236 elemento,
1138 1156 1219 1221 dlxlt

134 1257 247 1319 Stoicis
269 1257 425 1338 principio
448 1279 513 1321 eene
535 1278 685 1341 corporea
707 1272 739 1322 ot
755 1261 874 1321 lormne
890 1261 1042 1341 expertia,
1066 1260 1218 1322 elementa

135 1380 211 1424 vero
233 1362 333 1423 lorma
355 1360 499 1442 gotrdere,
523 1362 740 1429 ΣΩΜΑΤΑ
759 1362 848 1430 εἶναι
869 1356 931 1436 etr
952 1361 1139 1438 ΑΡΧΑΣ,
1161 1364 1217 1428 eol

133 1455 328 1549 α’μόρφους,
358 1457 400 1529 eoi
424 1463 459 1531 tt
480 1464 751 1548 μεμορφᾰσθαι,
781 1464 835 1525 ubi
860 1462 941 1524 mole
962 1462 1217 1525 Aldohrandinoe

132 1564 208 1644 legit
229 1567 332 1633 ,4212
342 1570 482 1635 MATA
501 1570 588 1635 εἶναι
609 1566 671 1642 ede
693 1569 884 1646 ΑΡΧΑΣ,
913 1564 947 1630 id
968 1578 1031 1645 eet,
1053 1574 1217 1649 incorporea

133 1688 199 1729 eene
218 1675 373 1752 principio,
407 1682 438 1732 et
460 1670 679 1748 Cneauhonue,
706 1664 791 1736 ἀλλά
815 1671 870 1735 eol
895 1670 1112 1735 zltMATA
1129 1670 1217 1736 εἶναι

132 1767 259 1852 (nempe
282 1764 324 1834 roi
350 1772 614 1847 ΣΤΟΙΧΕΙΑ,
643 1790 708 1831 non
729 1782 833 1830 nutem
855 1765 917 1843 τὰς
937 1766 1129 1853 ΑΡΧΑΣ)
1154 1765 1217 1844 ede

133 1866 163 1935 δ’
187 1871 360 1935 ΑΡΧΑΣ
386 1870 702 1936 ΑΣΩΜΑΤΟΥΣ
727 1870 814 1935 εἶναι
845 1871 901 1936 καὶ
931 1861 1120 1953 ἀμόρφους.
1166 1870 1215 1932 Ad

133 1975 216 2033 huno
237 1974 356 2048 locum,
379 1971 465 2033 cuiue
486 1971 580 2032 lectio
602 1970 761 2033 immerito
783 1974 821 2033 ah
843 1971 1081 2035 Aldohrandino
1103 1987 1136 2035 et
1157 1973 1216 2035 Co·

132 2077 272 2138 enubono
293 2074 458 2137 sollicitate
481 2074 558 2151 tuit,
585 2075 747 2154 Menegiue
762 2070 811 2161 ⁵),
840 2076 984 2155 quamvis
1006 2078 1143 2139 fateatur
1162 2078 1216 2140 Li·

131 2177 276 2261 puium4)
299 2176 442 2257 pluribus
464 2178 615 2257 exemplis
638 2176 853 2252 declararum,
874 2174 968 2237 deum
990 2180 1215 2258 emeterium,

132 2300 212 2362 quae
244 2278 307 2341 duo
336 2292 426 2341 erant
454 2280 627 2361 principia,
661 2280 776 2343 Stoitie
804 2298 938 2361 corporo
966 2300 1050 2359 eeee,
1083 2294 1115 2343 et
1143 2282 1215 2344 hino

133 2381 350 2450 ΣΩΜΑΤΑ
376 2382 463 2448 εἶναι
492 2377 556 2456 ndo
585 2383 774 2461 ΑΡΧΑΣ,
804 2402 865 2465 pro
892 2382 1146 2452 ΑΣΩΜΑΤΑ
1169 2386 1215 2448 le·

130 2487 228 2565 gieee,
263 2487 342 2546 male
375 2497 479 2546 tamen
509 2483 596 2547 addit
625 2485 803 2550 Caeeuhoni
830 2488 998 2550 lectionem
1028 2487 1089 2549 nihi
1118 2487 1214 2568 magia

130 2591 263 2669 placere,
284 2589 380 2650 immo
400 2591 497 2650 oolam
520 2589 653 2669 placere.
697 2589 737 2650 Et
759 2591 838 2650 huno
859 2587 987 2671 quidem
1005 2589 1214 2652 Caaeuhoniu·

129 2711 201 2752 nam
224 2693 389 2753 lectionem
411 2692 574 2770 Menagiue
602 2702 710 2753 tuetur
739 2692 926 2754 auctoritate
954 2691 1069 2754 Suidoe
1083 2691 1127 2778 ⁵),
1159 2695 1213 2776 qui

129 2795 205 2854 hnoe
226 2793 294 2874 ipee
315 2793 435 2856 Leertii
455 2793 567 2871 uerba,
592 2813 673 2876 quoe
698 2816 811 2877 nempe
832 2797 865 2856 in
888 2797 1004 2858 vitioso
1025 2798 1143 2876 legerat
1163 2815 1214 2859 oo·

129 2894 213 2974 dice,
243 2895 424 2978 imprudens
447 2896 493 2957 itu
515 2895 679 2974 describit,
709 2908 744 2959 nt
773 2896 855 2960 dicut
863 2942 872 2975 ,
902 2897 1218 2966 ΑΣΩΜΑΤΟΥΣ

127 3000 214 3066 εἶναι
236 2995 298 3074 ode
320 3001 501 3068 ΑΡΧΛΣ.
544 2999 607 3064 sed
629 2999 715 3084 quod
737 3023 795 3063 nec
816 3002 997 3081 Menagiue,
1019 3023 1077 3062 neo
1097 3004 1213 3064 Kuote-

125 3123 181 3164 rue
198 3101 356 3178 uiderunt,
377 3103 445 3180 ipae
467 3101 578 3163 Suidae
600 3104 651 3163 hio
672 3125 689 3164 e
709 3104 837 3166 Laertio
858 3099 1060 3178 corrigendue
1081 3114 1138 3179 eet,
1158 3123 1213 3163 ne·

126 3203 202 3263 dum
223 3223 294 3262 eum
316 3205 461 3280 corrigat,
482 3225 550 3263 cum
574 3205 652 3264 hono
673 3216 705 3264 et
728 3205 762 3264 in
781 3203 909 3265 Laertio
929 3201 1105 3279 lectionem,
1126 3215 1158 3264 et
1178 3204 1211 3266 iu

125 3303 223 3366 Suida
245 3303 493 3364 emendationem
515 3305 619 3368 firmet
640 3306 737 3368 totius
756 3305 897 3386 portione
915 3322 1081 3366 eoneeneoo
1095 3317 1128 3368 et
1143 3326 1212 3385 gra·

125 3405 252 3469 viesima
274 3405 442 3468 auctoritas
464 3409 622 3470 Plutarchi
645 3420 676 3470 et
697 3408 860 3471 Aristoclie
882 3426 977 3488 supra
1003 3405 1211 3487 laudatorum,

126 3527 263 3590 quorum
285 3509 340 3570 ille
362 3509 489 3591 quidem
512 3511 587 3574 dicit
604 3511 741 3592 primum
763 3511 962 3593 principium,
984 3509 1017 3572 id
1031 3522 1087 3586 eet,
1108 3505 1210 3588 deum,

196 3710 228 3776 1)
248 3709 314 3780 Pag.
332 3711 394 3766 196.
900 3739 905 3758 ‚

195 3798 228 3866 2)
248 3795 454 3870 Christophorue
472 3798 590 3876 wolfius
607 3801 634 3854 io
653 3800 782 3873 origenis
798 3797 999 3870 Philosophum.
1016 3815 1043 3866 p.
1061 3797 1103 3848 tt.
1122 3812 1210 3848 anno-

123 3895 170 3949 tat,
190 3883 418 3938 Anaximandrum
440 3888 557 3959 primum
577 3888 664 3955 luisse,
685 3889 731 3960 qui
749 3888 883 3939 ΛΡΧΛΣ
899 3885 992 3939 dixerit
1010 3882 1142 3955 principia
1163 3901 1208 3936 re-

122 3991 185 4026 rum
205 3974 383 4042 naturalium,
408 3974 635 4047 quemadmodum
654 3977 745 4043 Plato,
765 3986 829 4030 leole
848 3973 955 4027 Laertio
972 3972 1001 4025 in
1020 3971 1076 4025 eius
1094 3969 1144 4025 vita
1160 3969 1208 4037 lli,

121 4065 168 4126 24,
189 4062 292 4132 primus
309 4063 517 4118 ΣἼῸΙΧΕΙΟΝ
530 4063 655 4120 elementi
673 4065 785 4119 notione
803 4061 947 4134 usurparit.

195 4153 226 4215 3)
246 4151 287 4204 Ad
305 4151 391 4206 Laert.
414 4163 467 4206 nol.
486 4171 513 4224 p.
530 4157 591 4208 ist.
686 4156 718 4221 4)
739 4151 817 4223 Phys.
834 4149 917 4204 Stoic.
936 4147 968 4216 ll,
986 4149 1011 4202 5.

196 4243 227 4306 5)
247 4241 282 4296 V.
300 4237 368 4313 ἆρχή
385 4241 418 4294 Τ.
436 4241 455 4294 l.
474 4261 500 4314 p.
519 4245 579 4296 342.

847 4344 913 4404 29*
