2984 4825
542 364 708 407 -xxt
782 376 825 392 ··

141 536 201 597 vlt
223 504 406 597 φιλόσοφος
427 522 460 575 et
481 524 584 577 cetere
606 534 677 575 cum
693 510 790 575 Suids
810 531 941 595 prorsus
959 509 1178 577 convenientis
1188 507 1229 597 *).

140 616 322 677 Bruclserus
343 628 448 679 sutem
469 618 514 680 sic
537 618 636 683 ritem
658 615 793 679 Cornuti
812 618 1016 700 prosequitur
1035 638 1069 699 p.
1088 618 1169 679 ssu:

227 718 388 795 „Exilium
418 722 545 785 tandem
574 742 684 804 pessus
717 732 765 782 est
796 715 990 785 doctissimus
1020 721 1227 803 philosophus

141 820 201 880 sub
230 818 376 899 Nerone,
404 821 490 904 quod
520 824 586 885 oris
615 824 764 885 libertate
790 822 1011 904 imperatorem
1036 823 1227 887 offendisset.

141 921 252 983 Refert
273 922 358 983 enim
381 922 454 1003 Dio,
476 946 495 985 s
520 924 648 986 Nerone
669 924 702 983 in
721 922 858 984 insulem
879 926 1049 1004 relegatum
1070 939 1101 987 et
1125 944 1227 1007 prope

142 1024 279 1086 occisum
300 1024 418 1099 luisse,
447 1022 534 1107 quod
557 1044 624 1086 cum
646 1024 733 1087 Nero
753 1026 908 1107 plurimos
929 1028 990 1091 ism
1011 1028 1108 1091 libros
1128 1027 1226 1090 versi·

143 1128 204 1186 bus
226 1124 418 1206 scripsisset,
451 1127 604 1190 derebus
625 1128 720 1208 gestis
739 1131 971 1210 Romanorum,
1002 1143 1034 1193 et
1054 1130 1227 1193 adulatori·

143 1231 206 1290 bus
236 1228 437 1292 suadentibus
469 1228 712 1313 quadringentos
743 1232 845 1295 edbuc
876 1246 956 1297 esset
986 1234 1226 1315 compositurus,

143 1332 283 1393 monitus
312 1345 392 1395 esset
420 1354 440 1395 e
462 1332 621 1409 Cornuto,
648 1332 763 1396 nimios
787 1336 874 1412 iore,
902 1357 1005 1418 neque
1026 1358 1046 1396 s
1066 1352 1226 1416 quoqusm

143 1433 310 1515 legendos:
333 1456 463 1519 cumque
484 1436 590 1499 nescio
612 1435 683 1519 quis
704 1436 865 1515 obiiceret,
887 1435 1110 1521 Chrysippum,
1130 1456 1225 1519 quern

142 1537 211 1617 ipse
238 1535 383 1601 laudibus
413 1540 578 1617 eveheret,
610 1551 641 1600 et
669 1540 757 1601 cuius
785 1552 921 1603 scctstor
949 1551 1029 1603 esset
1056 1539 1226 1615 Cornutus,

143 1640 239 1705 etiem
260 1644 355 1723 pluro
374 1642 534 1704 volumine
555 1641 726 1723 scripsisse,
747 1661 935 1723 responsum
956 1644 1063 1722 ierret,
1086 1643 1143 1703 ille
1163 1642 1225 1704 uti·

142 1744 186 1804 lin
207 1745 290 1807 vites
309 1744 472 1805 bominum
492 1766 569 1823 esse,
590 1747 667 1807 baec
689 1757 793 1806 eutem
808 1745 934 1807 inutilis
950 1746 1132 1827 nulliusque
1151 1764 1227 1825 pre·

143 1846 191 1907 tii.
240 1848 280 1909 Et
309 1844 420 1909 Suides
452 1847 579 1931 quidem
609 1846 839 1931 ἀναιρεθέντα
870 1843 936 1915 οὐν
963 1848 1009 1934 τῷ
1041 1846 1226 1925 Μουσωνίῳ

145 1948 238 2029 dicit,
262 1948 349 2035 quod
371 1972 441 2013 cnm
464 1952 510 2013 ite
530 1950 744 2031 intelligerent
766 1950 829 2013 virt
850 1948 951 2028 docti,
976 1950 1147 2033 intersectum
1167 1972 1226 2012 mse

143 2077 207 2117 cum
230 2058 374 2129 Musonio,
405 2050 482 2115 fides
510 2050 583 2114 idco
610 2050 725 2113 Suidae
755 2053 917 2132 repulerit
947 2052 1125 2115 doctissimo
1155 2052 1225 2113 lon·

141 2158 190 2219 sio
204 2157 276 2239 Μ).
327 2158 386 2217 Ast
406 2155 481 2213 licet
506 2154 650 2231 supinam
677 2147 791 2211 Suidse
820 2154 1040 2231 negligentium
1067 2154 1225 2215 multoties

215 2366 254 2438 Γ)
271 2364 430 2435 Martinius,
456 2363 502 2438 qui
527 2382 555 2436 p.
575 2365 609 2418 15
635 2371 764 2436 utrosque
787 2362 849 2419 illos
865 2362 1002 2422 Comutos
1018 2378 1091 2424 recte
1110 2368 1181 2424 inter
1197 2388 1226 2425 se

140 2456 296 2529 distinguit,
328 2440 437 2514 circei
460 2471 570 2526 prorsus
595 2451 749 2508 inducenda
773 2473 830 2508 esse
852 2465 956 2525 censet,
984 2457 1020 2512 ita
1040 2469 1070 2514 ut
1086 2460 1224 2532 sequentia

139 2563 242 2601 norum
260 2555 450 2617 argumentum
471 2542 640 2596 constituent.
675 2541 735 2614 Ego
754 2555 857 2612 contre,
876 2545 1005 2618 quonism
1023 2548 1100 2601 initio
1118 2549 1225 2604 duobus

141 2636 175 2690 ds
194 2633 321 2688 Cornutis
340 2631 436 2686 Suides
457 2649 485 2683 se
510 2628 646 2685 dicturum
672 2631 814 2703 profitetur
836 2631 905 2704 (dio
930 2635 1103 2706 συγγραφή),
1132 2637 1223 2691 msiirn

141 2723 239 2796 reponi
256 2722 341 2792 ἕτερος
360 2723 391 2774 di
406 2720 565 2790 disperisse.
601 2717 649 2772 Sic
666 2719 699 2772 sd
717 2720 783 2774 alios
794 2720 976 2793 homonymos
992 2724 1124 2778 transiens
1141 2727 1223 2778 serbo

140 2815 235 2882 ἕτερος
247 2811 343 2884 passim
361 2808 451 2873 utitur,
472 2817 502 2861 ut
519 2827 542 2860 s.
558 2805 712 2874 Ἀντίμαχος
730 2808 763 2863 Τ.
777 2809 798 2862 1.
815 2829 842 2882 p.
855 2814 909 2863 224
925 2822 952 2864 et
971 2815 1023 2866 225
1042 2823 1069 2867 et
1086 2831 1108 2866 r.
1127 2810 1224 2866 'siroi-

140 2898 241 2967 λώνιος,
262 2919 288 2970 p.
303 2901 356 2952 284
374 2909 400 2952 et
417 2897 489 2951 alibi.
526 2895 653 2952 Ceterum
673 2915 758 2970 quum
776 2898 920 2953 Matrinius
937 2898 983 2954 tte
1000 2900 1028 2952 id
1046 2911 1108 2973 sgst
1128 2913 1158 2956 ut
1175 2923 1223 2956 ec·

140 3007 203 3043 rum
222 2989 269 3061 qui
282 2985 395 3042 Cornuti
414 2985 525 3040 nomine
543 2986 615 3058 apud
630 2986 755 3058 antiquos
772 2998 863 3041 nostra
880 2988 1010 3041 memoria
1029 2989 1085 3043 noti
1103 2990 1223 3057 fuissem,

141 3095 283 3132 recensum
301 3076 436 3142 exbibest,
459 3075 532 3128 iurat
549 3073 600 3127 hnc
618 3074 759 3127 occasione
776 3073 815 3127 uti
833 3073 1022 3145 Cornutosque
1040 3077 1170 3145 quosdam
1189 3078 1222 3130 ab

139 3187 174 3221 eo
192 3165 304 3219 omissos
320 3165 490 3236 subiungere.
528 3161 681 3216 Cornutum
700 3179 765 3216 curn
783 3159 840 3213 filio
858 3161 1022 3231 cognomine
1038 3162 1143 3214 exbibet
1158 3163 1225 3233 lepis

140 3257 168 3308 in
188 3253 282 3307 ricinia
296 3252 475 3324 Apolloniae,
495 3251 664 3305 Milesiorum
682 3249 716 3304 ed
734 3249 854 3302 Pontum
872 3247 1007 3302 Euxinum
1025 3247 1161 3317 coloniae,
1181 3267 1225 3304 re-

139 3353 263 3414 pertum,
286 3341 313 3395 in
333 3340 448 3396 Boeclb.
467 3342 550 3415 Corp.
568 3341 650 3396 inser.
667 3339 700 3394 T.
719 3337 751 3392 11.
771 3357 797 3410 p.
811 3340 855 3392 tt.
892 3337 1069 3391 Verecundus
1088 3337 1226 3394 Cornutus
1323 3377 1333 3392 .

140 3439 307 3483 memoretur
323 3429 351 3482 in
369 3430 544 3503 inscriptions
565 3450 594 3485 er
612 3431 673 3484 loro
692 3426 822 3482 Hadriani
839 3426 1001 3499 (Voorburg
1016 3444 1104 3500 prope
1120 3427 1223 3501 lingum

138 3516 293 3584 Comitum)
311 3517 389 3571 allata
408 3537 423 3570 a
442 3517 566 3572 Rcinesio
584 3517 661 3590 Synt.
680 3518 761 3572 inser.
781 3517 802 3584 l,
821 3520 883 3572 tto.
907 3535 934 3588 p.
952 3519 1014 3571 182.
1055 3519 1223 3587 Koprours'm

137 3604 301 3673 Sinopensis
317 3614 397 3656 exstet
413 3606 441 3657 in
460 3605 563 3679 lapide,
583 3607 686 3680 Syllog.
705 3609 785 3664 inser.
803 3627 829 3680 p.
846 3609 919 3676 448]

203 3691 255 3758 Γ)
274 3690 307 3740 V.
323 3689 479 3742 Martiniurn
498 3693 513 3744 l.
533 3711 556 3748 c·
580 3715 606 3765 p.
625 3699 676 3762 28,
703 3698 750 3768 qui
769 3696 893 3762 coniicit,
920 3695 948 3748 in
967 3695 1090 3764 Gyarum
1108 3693 1221 3746 insulem

138 3781 296 3835 Cornutum
316 3775 464 3848 relegatum
483 3798 498 3830 s
515 3771 621 3835 Nerone
639 3783 737 3851 inisse]

201 3869 252 3935 '‘')
272 3867 313 3920 De
332 3885 385 3921 scr.
403 3864 462 3919 bist.
482 3863 547 3936 phil.
560 3867 606 3932 ttt,
623 3872 649 3923 2.
667 3887 693 3942 p.
709 3873 771 3926 tet.
808 3871 890 3938 [Tota
908 3869 959 3924 bec
976 3888 1005 3923 re
1022 3869 1221 3926 difficultatibus

140 3955 281 4011 nonnuliis
303 3953 418 4009 obnosia
442 3952 587 4026 diligenter
609 3973 754 4026 perpensa,
780 3956 922 4009 biettinius
948 3977 973 4030 p.
991 3961 1026 4013 30
1043 3981 1098 4032 seq.
1121 3963 1221 4026 statuit,

139 4061 242 4098 annum
263 4043 343 4098 tuisse
363 4044 555 4116 sesngrsimum
574 4051 706 4110 octavum,
725 4062 782 4116 quo
800 4042 936 4101 Cornutus
954 4047 982 4101 in
1000 4047 1106 4102 erilium
1128 4050 1221 4101 missus

140 4142 223 4200 esset,
251 4133 279 4184 in
304 4151 356 4204 qus
382 4146 535 4206 temporum
555 4132 757 4206 computatione
774 4142 800 4187 et
818 4153 867 4188 nos
883 4136 991 4191 interint
1012 4136 1222 4207 acquiescimus:

141 4217 310 4292 (insperatius
334 4232 423 4276 sutem
446 4221 511 4277 illud
536 4222 564 4278 in
590 4222 715 4298 speciosis
738 4223 810 4298 opud
832 4224 944 4281 Suidem
967 4224 1053 4278 serbis
1074 4220 1223 4292 ἀναιρεθεὶς
