2984 4825
586 358 628 375 ··
672 348 732 395 llll
781 360 824 377 -·

168 488 258 564 duxi.
309 492 396 567 Num
420 493 481 567 etsi
505 519 558 567 me
584 520 655 571 non
683 492 718 567 sn
746 494 782 583 Ἰ,
811 491 977 582 codicem,
1001 521 1103 594 quern
1129 494 1248 573 Eudo·

167 593 219 665 cin
238 593 470 693 exscripserit,
496 621 534 669 ex
557 522 787 671 deterioriiirs
809 594 915 673 lniue
934 598 981 695 (v.
999 597 1045 674 sd
1063 597 1134 673 ed
1151 597 1249 697 inin).

168 698 333 769 tamenin
351 697 494 796 pristine
517 698 667 773 auctoris
690 725 797 773 menn
815 698 1081 795 redintegranda
1104 700 1134 773 is
1153 701 1248 775 hund

168 824 291 897 parum
313 825 380 871 nos
405 799 550 886 adiuvit,
576 819 614 875 ut
638 798 725 875 adeo
752 826 824 873 uno
847 799 986 897 quidem
1007 800 1101 890 loco,
1126 805 1246 879 ceteris

167 898 346 973 codicibus
377 900 425 973 sd
456 926 565 973 unum
592 902 755 976 omuibus
781 899 976 989 silentibus,
1008 902 1100 981 selus
1125 907 1249 1001 genui·

168 1010 246 1073 nats
273 1002 482 1098 scripturam
507 1000 750 1100 suppeditarit.
800 1002 957 1077 Ceterum
989 1004 1083 1101 quod
1114 1005 1171 1081 bie
1189 1007 1249 1083 *tle

168 1102 323 1195 Cornuto
350 1102 533 1203 monitum,
564 1103 601 1179 id
629 1103 681 1177 nd.
699 1101 850 1204 reliquos
876 1130 996 1179 omnes
1018 1132 1077 1179 eos
1102 1109 1249 1208 scripto·

168 1230 243 1291 res,
275 1230 424 1301 quorum
448 1203 572 1277 scrinio
598 1204 754 1279 Eudocis
779 1204 956 1306 expilant,
990 1208 1120 1306 puriter
1143 1211 1279 1310 perti?

167 1322 245 1390 net,
282 1303 437 1381 similiter
471 1305 515 1380 de
548 1308 746 1383 auctoritate
777 1308 854 1385 eins
885 1324 1052 1386 statuente
1077 1313 1250 1414 Wytten.

168 1405 293 1482 beclrio
322 1405 413 1487 Ribl.
438 1408 511 1485 erit.
532 1410 576 1498 ll,
602 1414 638 1499 3,
668 1408 763 1490 unde
794 1410 874 1510 quis
901 1436 985 1486 usus
1009 1411 1084 1487 eius
1112 1412 1149 1487 in
1176 1431 1248 1489 erte

166 1508 285 1583 critica
309 1507 517 1583 lectitandus
544 1512 607 1599 sit,
636 1512 824 1587 nuncium
851 1512 933 1590 setis
958 1511 1096 1613 liquent.
1180 1562 1183 1569 -

242 1610 375 1685 Horum
394 1611 562 1701 codicum,
584 1612 850 1700 saltimeornm,
870 1642 1019 1713 qnorum
1036 1613 1246 1694 Villoisonue

167 1710 306 1785 notities
330 1711 487 1812 reliquit,
523 1715 552 1789 si
579 1716 644 1791 ism
669 1715 867 1815 exspectari·
884 1734 997 1816 potest
1025 1735 1063 1792 ut
1086 1718 1135 1795 ita
1159 1718 1248 1794 rado

167 1812 350 1903 reddatur,
379 1824 418 1901 ut
446 1842 485 1889 ex
516 1816 672 1917 ipsorum
697 1816 816 1895 indole
852 1834 884 1895 et
916 1818 1114 1897 eonffltinne
1144 1818 1170 1894 ii
1203 1815 1248 1895 ed

168 1932 275 1989 certos
298 1916 422 1991 classes
447 1917 705 1995 describantur:
730 1947 806 1998 eom
833 1934 959 2019 operae
983 1948 1080 1999 meae
1104 1938 1248 2021 ponem,

166 2042 272 2117 quom
302 2018 349 2093 nb
374 2046 531 2095 mancam
565 2017 1000 2120 codicum-cognitionem,
1026 2051 1130 2125 quun
1154 2050 1247 2097 com·

166 2121 368 2205 memoravi,
403 2122 486 2193 certi
515 2120 605 2195 nihil
630 2124 772 2197 omnino
798 2124 900 2199 stetui
925 2125 1054 2222 possit,
1075 2126 1247 2199 ,intectam

166 2219 364 2316 relinquere
383 2218 501 2307 malui,
527 2246 567 2293 eo
590 2222 701 2315 mugio
725 2219 906 2308 lubricum
929 2250 999 2321 quo
1018 2224 1132 2297 minus
1155 2250 1249 2299 cnm·

168 2336 265 2420 perta
290 2318 391 2391 nobis
418 2318 481 2391 luit
508 2319 779 2422 uniuscuiusque
803 2334 905 2406 aetus.
956 2322 1064 2422 Quod
1090 2340 1161 2399 tum
1187 2325 1248 2402 de·

167 2446 260 2495 mum
284 2420 474 2523 sliqusndo
496 2420 615 2522 perfici
639 2423 774 2522 poterit.
797 2450 902 2525 quum
926 2443 998 2502 tum
1019 2426 1069 2502 illi
1093 2444 1165 2506 tum
1192 2457 1247 2504 ce·

168 2524 231 2597 teri
258 2522 338 2597 libri
364 2523 483 2611 MSS..
509 2525 570 2625 qui
596 2525 711 2600 adbuc
733 2525 800 2604 lric,
818 2525 888 2604 illic
914 2527 1118 2625 latitant*)‚
1143 2559 1246 2631 quern

167 2624 428 2721 diligentissime
459 2627 592 2702 excussi
622 2627 758 2704 luerint.
816 2631 956 2706 Interim
982 2634 1098 2706 omnio
1124 2631 1246 2710 fecisse

166 2727 251 2800 mibi
274 2727 452 2814 videbor.
473 2731 502 2802 si
528 2730 685 2808 universe
713 2743 803 2806 certe
838 2758 957 2808 eornm
989 2733 1035 2806 de
1062 2733 1247 2810 virtutibus

166 2846 327 2904 statuero.
375 2829 495 2930 ltaque
515 2859 583 2908 nnn
603 2859 667 2933 per
685 2861 739 2908 me
762 2832 843 2908 licet
863 2834 993 2911 seruilio
1020 2835 1248 2935 comprelren-

167 2931 296 3006 dantur
315 2931 350 3020 ii,
374 2959 462 3033 qnos
487 2932 538 3007 vel
565 2940 761 3012 meliorum
786 2933 838 3008 vel
861 2942 1087 3034 optiruor'nm
1106 2938 1247 3014 nomine

165 3034 295 3134 passim
327 3034 511 3134 appellari,
550 3036 670 3110 ceteris
704 3035 1079 3134 quidemprcestsntia
1114 3056 1247 3114 antece·

167 3137 304 3224 dentes,
328 3135 417 3210 inter
441 3163 479 3210 se
499 3152 613 3210 temen
640 3161 762 3210 rursus
785 3134 986 3224 dissimiles,
1013 3163 1055 3208 ex
1075 3137 1247 3212 Perisieu-

167 3238 262 3313 sibus
287 3236 314 3312 4
339 3237 448 3332 (hono
466 3238 633 3316 ,omnium
662 3236 821 3313 codicum
851 3237 952 3314 facile
975 3237 1167 3343 principem
1193 3267 1249 3314 sr-

168 3341 277 3416 bitror
302 3366 410 3440 eoque
435 3340 575 3416 nomine
601 3338 779 3438 designari
810 3339 856 3417 etl
887 3369 921 3416 c.
942 3342 1000 3417 17.
1035 3368 1070 3440 ρ.
1095 3342 1186 3438 178)
1214 3360 1248 3418 et

165 3447 211 3533 2,
235 3469 274 3518 ex
302 3443 544 3521 Laurentieuis
563 3449 600 3522 2.
621 3441 652 3518 4.
671 3461 706 3520 et
730 3447 774 3533 5,
796 3441 891 3521 bunc
914 3455 992 3521 curn
1015 3443 1137 3520 Pico
1157 3471 1247 3520 non-

165 3599 446 3618 m

233 3669 267 3758 *)
286 3674 396 3734 Meum
418 3693 513 3755 qurum
535 3693 597 3740 n'on
618 3679 730 3757 luerit,
752 3677 896 3744 Cornuti
917 3665 1039 3740 codices
1059 3695 1117 3758 per
1137 3693 1245 3744 omnes

166 3759 428 3822 bibliothecarum
451 3761 584 3822 lntsbrss
605 3763 832 3844 pervestigans
851 3765 993 3826 breviter
1013 3762 1180 3842 desimbo
1196 3768 1246 3830 bic

167 3863 231 3922 eos,
252 3863 387 3928 quornm
411 3843 524 3908 notitia
545 3845 626 3908 forts
647 3848 680 3908 in
703 3859 853 3928 promptu
875 3859 933 3922 est,
953 3848 1095 3930 quumvis
1113 3872 1245 3918 nuorero

166 3950 291 4012 mneos.
311 3929 480 3994 heldenses
501 3927 589 4002 duos,
610 3931 684 3995 olim
703 3931 986 4008 ntesrmmnianos,
1005 3932 1244 4000 Ambrosianum

166 4036 263 4076 unum
293 4036 333 4079 ex
359 4013 608 4078 tttonrcsstconio
639 4014 807 4079 Martinins
837 4035 870 4098 p.
893 4017 914 4079 7
940 4017 1057 4081 effert.'
1092 4017 1244 4096 Quartum

165 4099 388 4163 Memmianum
410 4100 517 4164 laudnt
538 4099 685 4162 Valesius
706 4097 746 4163 ud
768 4099 895 4164 Etrsebii
916 4102 998 4166 tttst.
1018 4101 1102 4165 Eccl.
1117 4100 1174 4182 vt,
1195 4107 1245 4165 19.

167 4183 319 4260 Quintum
332 4199 437 4248 servet
452 4187 645 4250 Bibliotheca
660 4185 745 4266 regie
761 4186 1024 4264 Matritensis&
1037 4199 1245 4259 numer-stom,

167 4281 246 4331 teste
264 4273 300 4331 A.
314 4267 444 4350 fodero,
464 4271 677 4336 eruditissimo
697 4272 772 4338 bibl.
793 4271 1059 4337 Demetedisnsis
1077 4271 1246 4351 preelectu-
