2984 4825
570 312 805 353 ..xv-

152 486 232 536 vcro
253 458 405 560 vulgaria
430 477 462 533 et
488 460 578 549 trita,
602 458 667 533 alia
688 458 835 535 tortasse
856 456 959 559 plane
983 456 1105 545 aliena,
1125 481 1231 559 quae·

153 565 356 637 demetiam
381 563 425 636 ab
452 560 533 637 aliis·
555 579 733 662 occupata,
760 588 781 633 a
804 585 861 634 mc
888 578 1012 649 nmen,
1044 576 1082 632 ut
1108 559 1145 632 in
1173 584 1230 633 ra·

154 667 246 738 tione
261 666 338 739 *has
369 664 516 739 schedas
549 664 675 739 edendi
707 660 812 738 semel
842 662 997 737 instituta
1028 660 1112 734 mihi
1144 687 1230 735 con·

152 784 299 855 starem,
322 792 394 839 uou
413 767 573 856 inducta,
599 767 666 841 nisi
692 789 783 866 qnae
801 762 854 836 ccl
878 790 1020 864 prorsus
1042 764 1151 837 cruda
1175 788 1230 836 cs·

153 886 227 943 sent
253 866 305 941 vel
333 893 449 944 errore
471 869 653 943 manifesto
678 868 870 965 eodemque
893 866 1106 941 infructuoso
1134 862 1231 939 labo:

154 998 229 1044 rare
266 969 484 1043 viderentur:
528 969 623 1069 qnod
663 967 850 1043 admodum
890 968 1011 1067 paucis
1052 967 1090 1041 iu
1132 966 1233 1043 sete.

154 1073 208 1146 dis
232 1071 360 1145 facturn
387 1071 547 1159 memini,
582 1070 708 1146 sactum
735 1088 867 1156 tamen,
897 1087 936 1143 ut
962 1067 1154 1169 exemplum
1180 1070 1231 1143 ai·

155 1175 279 1263 feram,
309 1173 345 1246 in
379 1173 470 1247 notis
503 1171 548 1247 ad
580 1201 614 1273 p.
642 1172 726 1249 149.
785 1172 861 1269 Ego
890 1197 971 1246 vcro
1006 1188 1126 1247 contra
1160 1196 1232 1245 nou
1325 1248 1335 1259 ‚

156 1275 273 1348 delore
309 1300 367 1348 sus
392 1276 484 1364 icor,
523 1276 582 1375 qui
622 1274 712 1349 hanc
749 1274 785 1345 in
825 1272 1005 1347 servandis
1042 1270 1233 1347 doctissimi

155 1374 304 1450 hominis
333 1302 486 1477 reliquiis
513 1375 715 1475 religionem
744 1400 855 1448 meatu
887 1375 1141 1476 superstitionis

155 1480 222 1551 tius
257 1479 398 1551 nomine
431 1476 673 1578 reprehensuri
708 1474 794 1552 sint:
835 1474 964 1576 quom
1001 1476 1088 1551 niltil
1121 1401 1233 1549 helio

154 1580 249 1680 quod
283 1579 519 1681 respondeum
544 1580 611 1654 nisi
641 1577 738 1682 qnod
770 1577 945 1653 Bentleins
977 1575 1023 1651 ad
1053 1580 1231 1653 Lucanum

155 1684 213 1772 lV,
244 1680 318 1755 431
363 1680 467 1773 dixit,
513 1681 617 1755 multa
662 1704 736 1756 esse
776 1678 1008 1754 condonanda
1050 1680 1086 1752 in
1129 1706 1233 1778 opero

156 1800 331 1882 postumo:
360 1785 455 1884 quod
480 1810 586 1885 quunr
610 1783 653 1857 ad
680 1782 911 1857 totnmltnnc
936 1776 1115 1857 Villoisoni
1134 1780 1236 1856 labo·

159 1908 249 1971 rem‚
281 1901 350 1959 tum
377 1888 524 1961 merisne
556 1884 600 1959 ad
625 1880 714 1959 hanc
748 1884 822 1958 eins
849 1902 981 1985 partem
1012 1901 1104 1962 recte
1132 1884 1234 1957 aesti-

155 1984 316 2058 mandam
354 1986 459 2061 vater:
506 1984 590 2083 Quo
622 1982 734 2062 sutem
768 1986 874 2060 modo
910 1987 946 2060 iu
982 1986 1233 2061 concinnandis

154 2084 409 2160 commentariis
433 2088 507 2158 suis
535 2089 644 2183 ipse,¹
665 2090 693 2159 si
726 2088 918 2186 pervitam
951 2086 1120 2173 licuisset,
1152 2115 1234 2189 pro·

155 2186 320 2259 habiliter
344 2208 471 2256 usurus
507 2184 645 2270 luisset,
682 2185 832 2283 perspici
859 2202 973 2281 potest
1007 2212 1048 2258 ex
1075 2204 1234 2261 notarum

158 2281 331 2382 exemplo,
359 2310 428 2383 qno
451 2308 540 2385 quae
559 2282 669 2356 tribus
692 2281 982 2384 primis-Galeani
1007 2283 1151 2359 Cornuti
1174 2314 1237 2389 pa.

155 2388 248 2485 ginis
276 2410 385 2485 usque
413 2385 457 2460 ad
486 2384 588 2459 verba
618 2412 645 2461 c.
666 2390 690 2460 2
716 2384 791 2458 init.
820 2383 891 2468 καὶ
920 2380 1021 2488 αὕτη
1047 2392 1235 2476 καλεῖται

155 2488 251 2574 Ζεΰς
271 2486 371 2582 (haec
399 2487 502 2562 verba
529 2487 695 2562 lemmatis
724 2487 834 2564 instar
855 2487 923 2563 snb
946 2489 1071 2566 calcem
1096 2520 1234 2594 ponun-

156 2609 230 2678 tur,
260 2590 388 2690 qnippe
415 2592 654 2680 adnotatione,
681 2617 770 2691 quae
792 2617 885 2666 nunc
908 2590 1143 2681 desideretur,
1173 2596 1235 2670 ali.

156 2691 298 2792 qnando
319 2690 539 2788 illustranda)
564 2693 762 2767 adnotanda
782 2693 851 2792 ipsi
871 2692 942 2766 viss
965 2695 1097 2784 essent,
1126 2699 1236 2770 conti·

156 2821 229 2868 nuo
257 2809 412 2867 sermono
445 2795 608 2898 iustoque
626 2793 756 2868 ordine
785 2795 972 2897 disposito,
1003 2814 1168 2898 tanquam
1198 2799 1235 2872 in

157 2893 333 2996 publicum
365 2896 513 2985 exitura,
547 2897 743 2998 complexus
775 2914 837 2971 est.
885 2895 949 2972 llis
983 2899 1073 2973 notis
1104 2901 1235 2974 maiore

156 2996 333 3094 diligentia
346 2998 521 3088 conlectis,
532 3001 696 3100 qnoniam
712 3025 777 3098 pno
789 2999 944 3071 instituto
957 2998 1060 3073 huius
1073 3000 1234 3079 editionis

157 3099 328 3199 primitivo
344 3098 497 3200 ipsarum
517 3100 639 3172 ordine
654 3099 797 3172 seorsim
810 3097 963 3171 exhiberi
980 3127 1052 3170 non
1067 3119 1235 3198 poterant,

156 3201 356 3275 asteriscum
370 3201 566 3302 praeposui,
581 3197 620 3274 ut
634 3227 654 3274 a
668 3225 817 3300 corpom
833 3198 966 3300 reliquo
975 3199 1233 3277 adnotationum

157 3302 310 3377 cursoria
329 3301 444 3402 potins
462 3327 569 3377 manu
586 3302 865 3402 conscriptarum
884 3300 1179 3400 dignosmremnr.

233 3405 410 3478 Postremo
441 3405 538 3509 quod
569 3406 614 3479 ad
646 3405 965 3481 commentationem
991 3403 1036 3479 dc
1054 3406 1234 3506 'theologia

157 3503 349 3577 Stoicorum
375 3504 521 3610 physica
547 3509 685 3597 attinet,
717 3533 791 3582 enm
811 3506 901 3582 licet
926 3506 996 3581 line
1023 3508 1117 3596 hand
1135 3507 1234 3584 'inte-

156 3631 276 3702 gram,
307 3621 346 3674 ut
374 3607 524 3694 videtur,
561 3627 679 3684 auctor
711 3608 838 3684 chartis
870 3610 1065 3684 mandatam
1099 3610 1235 3711 reliquit

157 3705 270 3791 taleni,
300 3701 434 3802 qualem
457 3705 527 3776 lere
551 3710 645 3805 prelo
667 3709 884 3784 subiecturus
908 3710 1083 3808 putandus
1107 3712 1168 3802 sit;
1198 3713 1233 3786 in

158 3833 224 3906 qua
253 3803 341 3878 nihil
373 3803 619 3882 desideraveris
650 3812 720 3884 nisi·
746 3838 855 3907 genus
888 3809 1026 3884 dicendi
1054 3813 1169 3911 paullo
1194 3814 1234 3889 li·
1324 3805 1333 3821 ⁶

158 3906 298 3996 matins,
327 3908 428 4008 quale
453 3924 575 3982 auctor
599 3911 811 3984 exhibiturus
837 3909 971 4003 suisset,
996 3914 1025 3987 si
1053 3941 1141 4015 opns
1167 3917 1233 4016 ipsi

159 4005 307 4083 licuisset
332 4009 369 4083 in
399 4010 521 4110 vulgus
549 4011 711 4085 emittere.
761 4011 837 4110 Ego
866 4039 945 4087 vero
979 4013 1043 4089 hac
1072 4018 1109 4091 in
1137 4037 1234 4115 parte

159 4108 345 4229 suffitum}
381 4131 513 4188 mutare
552 4139 664 4215 neque
702 4138 813 4190 meum
850 4141 964 4216 neque
1004 4120 1233 4192 necessarium

161 4228 353 4284 mmmmn
