2984 4825
661 310 898 352 -xn-

240 454 428 531 Villoisono
453 454 548 528 suere
573 456 741 559 quaedam
757 457 1025 562 Wyttenbacbii
1045 459 1260 533 coniecturae
1279 460 1316 532 in

239 559 440 644 Cornutum,
464 582 550 657 quas
568 558 660 632 unde
681 563 859 663 acceperit,
880 577 995 635 utrum
1017 560 1061 633 ab
1081 578 1219 635 auctore
1235 589 1314 637 cum

237 660 314 759 ipso
337 659 616 749 communicatas,
641 688 684 735 an
713 661 780 736 alio
806 662 957 763 quodam
977 663 1218 753 intercedente,
1243 692 1314 740 non

237 756 449 857 significavit.
500 760 558 833 Ad
584 761 646 836 bas
672 766 790 865 copias
815 764 1177 867 Villoisono-insuper
1193 765 1314 840 ‘acces-

237 878 355 935 serunt
379 861 548 937 variantes
574 864 693 954 Mssa,
732 894 820 967 quos
847 868 1000 941 Cornuto
1025 867 1162 943 edendo
1187 868 1315 943 Galeas

237 962 393 1038 adhibuit
413 992 627 1065 quorumque
645 968 674 1039 is
694 970 872 1058 rationem,
893 970 990 1071 quod
1007 970 1206 1058 dolendum,
1225 972 1314 1045 iusto

237 1067 348 1139 rarius
375 1093 438 1140 nec
464 1066 530 1138 nisi
559 1068 669 1141 obiter
695 1070 826 1158 reddit,
852 1098 964 1175 neque
989 1071 1074 1160 boc,
1106 1092 1144 1146 ut
1171 1072 1314 1161 videtur,

238 1167 415 1265 diligentia
442 1192 483 1239 ea
508 1194 576 1267 qua
601 1196 665 1269 par
690 1170 774 1259 suit,
808 1173 853 1246 ita
887 1190 926 1245 ut
955 1190 1084 1246 certum
1104 1168 1162 1247 'de
1197 1201 1314 1247 eorum

238 1270 381 1343 lectione
408 1269 528 1370 quovis
563 1269 639 1345 loco
664 1271 831 1347 iudicium
854 1272 950 1346 ferri·
968 1292 1125 1375 nequeat.
1176 1274 1314 1373 Quibus

238 1400 316 1445 vero
343 1396 425 1443 usus
450 1371 534 1457 suit,
561 1372 596 1445 bi
623 1392 721 1447 sunt:

288 1472 502 1575 Oxonieusis
518 1506 562 1563 a,
600 1475 659 1575 qui
687 1476 851 1578 quantum
884 1502 924 1549 ex
952 1475 1050 1549 Galei
1076 1496 1155 1551 nota
1182 1505 1217 1578 p.
1238 1478 1314 1552 234

338 1575 580 1671 cognovimus,
604 1594 806 1651 numeratur
834 1580 918 1651 125.

288 1676 495 1751 Oxoniensis
521 1677 571 1772 β,
607 1679 826 1779 qui1=desinit
860 1708 889 1753 c.
916 1680 963 1752 tu
988 1677 1065 1767 lim,
1105 1708 1135 1751 a.
1168 1679 1312 1753 Galeam

288 1804 496 1953 Oxbnienuis
522 1880 641 1954 tertius
663 1881 815 1983 quidam,
840 1898 1047 1955 memoratus
1067 1908 1086 1952 a
1107 1879 1214 1953 Galea
1239 1898 1315 1952 tan·

337 1998 421 2069 tum,
446 1982 476 2053 si
501 1982 588 2056 bene
608 1984 758 2072 memini,
780 1986 816 2057 in
832 1983 991 2057 Praebet
1008 1982 1054 2054 ad
1070 1981 1144 2054 init.
1162 1982 1314 2055 Cornuti.

287 2080 518 2174 florentinus,
531 2087 629 2158 uultis
643 2086 798 2159 meminit
811 2086 898 2160 Gale
909 2085 983 2157 init.
992 2083 1145 2170 Cornuti,
1162 2082 1314 2157 omilin.

340 2202 373 2259 et
405 2214 434 2261 c.
456 2190 517 2261 35.
542 2214 576 2287 p.
599 2188 678 2264 234
705 2188 750 2262 ad
776 2185 953 2285 Κλύμιος
973 2204 1007 2259 el
1031 2182 1314 2284 βουλευόμενον.

286 2288 386 2359 Ravii
412 2287 537 2360 Codex.
584 2287 627 2361 V.
654 2289 740 2362 Gale
768 2289 812 2360 ad
838 2290 911 2361 init.
936 2286 1091 2362 Cornuti.

289 2388 492 2478 Vaticanus,
526 2389 623 2464 cuius
656 2389 809 2463 meminit
835 2388 856 2461 l.
878 2389 983 2462 modo
1008 2389 1109 2464 citato
1136 2404 1169 2460 et
1193 2386 1315 2474 Praese,

229 2518 232 2530 ·
306 2511 310 2518 ’
341 2505 373 2560 et
400 2488 491 2578 binc,
515 2506 553 2563 ut
579 2508 674 2590 puto,
698 2491 890 2565 Lamberue
916 2490 959 2565 ad
979 2489 1092 2594 Etym.
1113 2491 1170 2561 Μ..
1183 2516 1219 2589 p.
1236 2489 1314 2562 214

337 2608 416 2690 post
442 2591 618 2666 Orionem.

291 2690 436 2795 Gyraldi
457 2693 581 2782 codex,
607 2693 742 2793 dequo
772 2723 800 2766 r.
827 2720 916 2794 quae
939 2691 1147 2767 Villoisonus
1168 2692 1204 2764 in
1227 2691 1312 2763 Pro-

338 2793 524 2893 legomenis
550 2794 668 2870 attulit.
996 2806 1001 2817 '
1122 2809 1127 2816 ’
1271 2828 1275 2833 ·

234 2911 366 2986 florum
390 2915 546 2989 codicum
571 2913 703 3015 priores
727 2911 849 2988 ambos
877 2909 1102 3001 Oxonienses,
1127 2937 1214 3014 quos
1241 2935 1312 2982 uno

234 3016 438 3116 compendio
468 3025 584 3092 Oaron.
611 3015 735 3090 allerre
760 3015 865 3102 soleo,
892 3012 1020 3088 Galeus
1045 3013 1116 3086 sere
1141 3012 1233 3086 solos
1259 3011 1312 3083 di-

235 3113 396 3214 ligentius
416 3117 584 3207 adhibuit,
610 3118 672 3193 sed
692 3119 736 3192 ita
761 3136 800 3190 ut
820 3115 986 3217 potiorem
1010 3132 1141 3189 tantum
1165 3114 1311 3212 scriptu-

235 3245 294 3291 rae
320 3221 582 3320 discrepantiam
610 3220 801 3308 aduolauit,
830 3236 863 3290 et
887 3215 1035 3290 subinde
1061 3235 1128 3290 tam
1156 3214 1312 3289 obscuris

236 3337 267 3390 et
295 3321 466 3421 ambiguis
489 3323 613 3417 verbis,
641 3339 679 3395 ut
703 3322 788 3424 quid
811 3347 901 3392 unus
927 3318 1049 3391 alterve
1075 3344 1191 3391 revera
1216 3317 1313 3403 serat,

236 3421 270 3492 in
308 3412 426 3496 dubio
451 3419 681 3523 relinquatur,
717 3425 764 3498 ita
798 3440 836 3495 ut
870 3438 960 3493 totus
995 3417 1050 3492 bic
1084 3419 1181 3492 Galei
1215 3417 1313 3492 labor

238 3524 512 3598 Westermauno
535 3523 556 3596 l.
573 3524 592 3597 l.
620 3551 654 3622 p.
668 3543 732 3598 xvt
758 3523 855 3598 baud
879 3521 1047 3596 immerito
1067 3518 1220 3609 „inutilis
1244 3520 1313 3594 sar·

235 3625 338 3720 rago’‘
365 3625 492 3700 audiat
543 3626 691 3724 lnsuper
717 3625 892 3700 Eudociae
917 3621 1123 3711 Violarium,
1158 3621 1203 3695 ab
1236 3621 1312 3719 ipso

261 3726 384 3800 rimum
413 3727 559 3817 editum,
595 3725 690 3827 quod
721 3725 827 3799 multa
856 3753 897 3798 ex
923 3727 1075 3799 Cornuto
1101 3722 1312 3797 adverbum

236 3751 408 3926 descripta
431 3828 596 3903 contineri
620 3825 845 3912 intellexerat,
871 3825 907 3900 id
933 3825 1149 3926 quodetiam
1176 3824 1313 3898 bestius

236 3925 365 4003 Cotum.
392 3924 563 4026 palaeogr.
588 3959 621 4030 p.
642 3935 718 4004 750
744 3930 999 4014 observaverat,
1026 3924 1234 4000 Villoisouus
1259 3925 1312 3998 iu-

238 4045 289 4102 ter
313 4027 467 4105 subsidia
495 4029 632 4106 babuit:
658 4059 727 4129 quo
754 4058 860 4131 quum
885 4026 996 4100 rarius
1019 4053 1096 4100 eum
1119 4055 1218 4100 usnm
1240 4054 1314 4100 esse

238 4130 551 4218 animadverterem,
577 4131 742 4231 potiorem
771 4134 843 4206 eius
869 4127 1073 4216 varietatem,
1097 4128 1157 4202 ubi
1184 4128 1315 4226 aliquid

237 4221 408 4309 'commodi
443 4233 567 4309 afferre
599 4232 791 4324 videretur,
831 4228 1014 4328 diligenter
1049 4229 1312 4306 adscribendam
