2984 4825
562 387 603 401 -
648 358 711 417 453
756 388 806 402 —⁴

138 526 220 589 idem
244 527 421 587 Brurlterus
439 523 480 606 ²):
511 522 617 600 „cletta
641 524 700 585 etsi
722 541 835 605 corpus
859 538 915 602 est,
936 538 982 588 eet
1007 540 1108 589 taurea
1132 526 1225 608 spiri·

139 643 197 691 tus.
242 630 343 690 Probe
365 631 441 687 haec
462 626 598 688 notanda
622 639 703 703 suin,
728 648 768 687 ne
790 648 808 687 a
829 627 951 705 Stoicis,
976 642 1074 691 totam
1097 629 1222 691 dicendi

136 734 288 793 rationem
311 731 509 811 philosophie
527 743 681 810 receptam
702 733 895 793 intuentibus
917 752 1076 812 novaeque
1096 734 1222 795 vocibus

137 836 375 915 significationes
392 832 610 893 inducentibus
631 832 838 912 decipiemur3
861 834 893 893 id
913 834 997 915 quod
1018 835 1082 894 illie
1100 835 1223 911 accidit,

138 940 192 1020 qui
222 945 333 1018 spiritus
362 941 554 999 immaterialis
583 936 795 1016 appellatione
824 934 958 1010 seducti,
987 934 1109 998 Stoicos
1130 937 1223 1001 dettm

137 1040 230 1123 (adde
252 1039 404 1126 animum)
426 1060 530 1101 rerum
560 1058 783 1119 corporearum
813 1058 943 1098 uttmcro
974 1042 1123 1101 excurisse
1153 1060 1225 1100 cen-

137 1144 296 1204 suerunt.'’
346 1144 397 1205 Sir
428 1144 459 1205 8.
489 1146 651 1220 irenaeus,
685 1141 740 1223 qui
771 1140 905 1200 animaru
929 1146 1040 1225 flotam
1068 1164 1127 1205 esse
1152 1151 1224 1205 oriae

137 1245 308 1331 (areuna)
332 1246 470 1325 dixerat,
503 1249 577 1307 haee
597 1246 701 1311 Stoice
723 1260 854 1324 proreue
875 1246 1022 1306 observat
1032 1244 1079 1328 ²):
1111 1248 1163 1308 sed
1181 1252 1223 1307 r'n·

138 1355 297 1426 corporales
326 1359 454 1429 animae,
486 1364 623 1435 quantam
645 1354 696 1411 ad*
709 1354 947 1429 corporationem
974 1352 1133 1411 mortalium
1158 1371 1223 1411 eor·

135 1476 246 1533 porum.
300 1452 464 1515 Cassianus
477 1454 521 1538 ⁵):
554 1459 630 1517 Licet
660 1460 731 1516 enim
755 1460 969 1534 pronunciemus
989 1445 1139 1514 ¹nonnullos
1165 1470 1224 1513 esse

135 1560 428 1635 pertranseamus,
451 1570 481 1618 ut
501 1572 566 1619 suin
588 1560 699 1633 Angeli,
721 1558 908 1633 Archangeli,
929 1570 1114 1639 caeterosque
1136 1563 1221 1617 virtu·

132 1670 182 1732 tec,
203 1664 265 1739 ipsa
287 1682 396 1741 piraque
418 1668 514 1721 arilina
535 1674 641 1735 nostra,
664 1663 706 1720 vel
725 1672 800 1719 certe
814 1681 867 1739 per
887 1681 917 1718 se
936 1658 1005 1742 (alii
1023 1678 1091 1718 cum
1106 1658 1221 1721 Fattsto

135 1759 281 1836 Regiensi
303 1763 409 1836 legunt
432 1768 483 1821 air
504 1760 567 1839 iste)
594 1762 715 1833 sellulis,
741 1773 836 1820 tamen
861 1766 1041 1842 incorporeae
1066 1762 1222 1821 anacteum

135 1863 314 1921 aestimanda
346 1858 413 1940 (alii
445 1883 512 1921 curn
544 1862 658 1921 Fausto
691 1860 834 1938 [legiensi
866 1864 974 1939 legunt
1005 1860 1221 1942 existimandae)

136 1975 207 2023 stant.
252 1964 367 2023 Habent
383 1971 453 2025 enim
467 1966 620 2025 secuudum
639 1985 668 2027 ss
684 1986 786 2045 corpus
803 1988 859 2048 quo
880 1969 1038 2042 subsistunt,
1059 1969 1121 2026 licet
1136 1967 1221 2026 mulo

135 2071 252 2143 tarsitius,
275 2088 361 2147 param
384 2090 432 2127 nos
445 2066 484 2149 4).
528 2069 606 2130 Num
628 2082 690 2128 sunt
713 2091 835 2149 corpora
851 2073 1002 2130 secundum
1017 2073 1145 2151 Apostoli
1158 2091 1221 2129 sen·

135 2176 249 2231 tertuum
271 2177 312 2232 ita
333 2174 463 2230 dicentis:
495 2174 531 2231 Et
553 2191 673 2251 corpora
696 2174 840 2247 caelestia,
869 2184 894 2232 et
915 2179 1068 2234 terrestria.
1113 2174 1149 2232 tu
1169 2178 1219 2232 lte-

135 2297 214 2348 rum,
236 2258 389 2335 seminatur
410 2296 511 2353 corpus
532 2277 668 2347 onrlnulc,
693 2278 805 2349 exnrgit
825 2295 927 2352 corpus
944 2278 1076 2355 spiritale.
1119 2272 1219 2347 Quem

136 2376 262 2458 quidem
290 2377 428 2440 Cassiani
458 2378 559 2438 locunt
588 2376 707 2457 profert
732 2376 864 2438 Faustus
891 2376 1051 2456 Regiensis
1064 2373 1091 2459 ⁵)
1120 2373 1151 2435 in
1181 2374 1220 2434 li·

136 2483 201 2556 bro,
224 2481 278 2562 qui
300 2481 481 2542 inscribitur
502 2481 572 2557 „De
595 2483 754 2558 creaturis,
781 2482 866 2564 quod
888 2482 951 2543 illis
974 2478 1151 2560 incorporei
1172 2479 1220 2538 ni·

135 2585 179 2642 uit
204 2583 304 2660 insit’',
335 2584 388 2644 ubi
410 2585 485 2644 lraec
511 2606 527 2645 e
550 2585 579 2646 8.
604 2587 798 2668 Hieronymo
821 2587 964 2648 adducit:
996 2592 1022 2646 ri
1044 2585 1139 2661 angeli
1156 2603 1219 2643 coe-

134 2689 212 2746 lestio
234 2694 318 2746 etiam
340 2707 461 2767 corpora
483 2690 524 2748 orl
546 2697 783 2769 conmutationem
806 2693 855 2751 clei
873 2691 1019 2751 immunda
1039 2710 1097 2748 esse
1119 2689 1219 2746 dicun-

132 2803 197 2862 tur,
220 2791 303 2872 quid,
328 2802 430 2870 pulos,
460 2792 541 2849 ltorrro
563 2794 755 2852 (aestimandus
776 2799 840 2854 est?
882 2793 1000 2854 Contra
1022 2809 1115 2873 quent
1138 2787 1217 2849 Fau·

134 2903 215 2951 etum
238 2892 419 2970 Regiensem
448 2891 636 2954 Claudianus
663 2895 856 2973 Mamercus,
884 2896 1035 2957 Mamerci
1057 2893 1219 2954 Viennen-

133 2994 211 3054 sium
229 2993 348 3055 Galliae
367 2994 512 3075 Episcopi
537 2997 642 3073 irater,
665 3011 728 3058 tres
752 2997 790 3059 cle
815 3000 994 3080 incorporei
1017 2998 1112 3058 astitui
1135 3005 1217 3055 statu

133 3097 231 3156 libros
259 3097 457 3174 conscripsit,
491 3100 544 3176 qul
579 3099 609 3155 in
642 3113 730 3159 sexto
753 3101 967 3160 Bibliothecae
995 3111 1135 3159 ueterum
1161 3097 1216 3154 Pa-

135 3209 217 3255 trum
248 3209 333 3255 tomo
364 3198 526 3255 ltabcutur.
581 3198 659 3258 Cum
689 3201 833 3277 Irenaeo,
864 3201 1011 3262 Cassiano
1043 3212 1073 3259 et
1102 3197 1215 3258 Fausto

134 3296 277 3374 [legiensi
311 3307 479 3356 consonant
510 3299 648 3360 Hilarius
662 3297 690 3383 6)
720 3315 750 3362 et
782 3304 962 3365 Arsrbrosius
975 3301 1003 3386 ⁷)
1034 3314 1063 3363 et
1094 3301 1212 3380 Genua·

132 3473 410 3486 μκή-υ

203 3599 233 3664 t)
251 3599 329 3652 'rota
348 3599 368 3650 t.
385 3621 411 3671 ρ.
434 3605 494 3656 oro.
567 3646 571 3654 .
606 3649 610 3656 ,
671 3608 731 3676 ,1)
749 3609 806 3661 tto.
823 3593 854 3662 l.
873 3629 896 3663 c.
916 3615 942 3664 r.
959 3629 985 3681 p.
1003 3609 1064 3664 sm.

202 3689 232 3754 3)
251 3687 346 3741 Callet.
365 3690 423 3740 Vll.
441 3709 463 3742 c.
478 3693 519 3746 13.
541 3711 566 3761 p.
578 3693 631 3745 439
650 3695 788 3749 schelmas
806 3702 882 3750 1118.
902 3700 938 3768 [p.
951 3701 1003 3751 stt
1024 3698 1064 3749 ed.
1078 3691 1214 3757 Francoi]

202 3777 233 3842 t)
252 3775 298 3829 stc
324 3776 438 3829 Velleius
459 3779 606 3850 Epicureus
630 3783 699 3853 apud
725 3785 884 3838 Ciceronem
910 3789 943 3838 ‹le
963 3787 994 3838 N.
1014 3784 1047 3836 D.
1066 3781 1087 3846 Ι,
1104 3783 1147 3834 19·
1174 3779 1215 3830 ¹⁰*

129 3883 216 3934 quens
234 3865 266 3916 de
286 3864 372 3916 forma
392 3876 437 3918 aut
456 3866 542 3936 specie
561 3865 686 3920 deorum:
715 3891 762 3922 nee
778 3883 868 3925 tamam
886 3894 917 3924 eo
937 3874 1034 3943 species
1052 3887 1149 3939 corpas
1164 3875 1214 3931 est,

126 3952 176 4010 sed
193 3952 273 4022 quasi
290 3969 394 4020 corpas.

200 4041 231 4109 5)
248 4039 281 4092 Τ.
293 4041 340 4091 Vl.
359 4061 383 4110 p.
395 4044 472 4095 tots.
492 4043 649 4096 Bibliothec.
669 4057 787 4100 veterum
804 4049 923 4115 Petrum,
943 4047 984 4100 erl.
998 4043 1121 4118 Lugduni
1136 4045 1213 4097 tort.

200 4129 230 4197 o)
251 4128 290 4180 nd
310 4127 473 4182 lllattlracum
494 4151 520 4202 p.
539 4135 590 4186 ott
610 4134 651 4186 ecl.
670 4133 752 4188 Puris.
773 4137 853 4190 1693.

199 4218 230 4286 l)
248 4218 289 4271 De
309 4216 461 4272 Abrahamo
480 4220 511 4287 ll,
532 4225 557 4274 8.
577 4241 603 4275 n.
622 4226 664 4276 58.
682 4223 713 4275 Τ.
733 4225 752 4277 l.
772 4243 798 4294 p.
814 4227 868 4280 338
887 4222 927 4277 erl.
947 4220 1083 4276 Benedict.
