2984 4825
547 358 784 417 -461-

214 526 333 587 Horum
357 536 388 585 et
410 524 596 605 praesertim
618 523 796 587 Stoicorum
819 521 859 584 de
879 522 982 587 enimn
1006 542 1158 604 eorporee
1178 536 1210 585 et

136 628 211 689 atria
237 630 417 709 opinionem
444 647 484 687 ex
506 639 594 706 parte
616 640 738 690 secutae
761 638 808 689 eet
828 626 1039 687 Tertullianus
1054 625 1097 709 ¹):
1129 650 1210 710 quem

134 738 212 809 igitur
238 738 325 795 alium
355 738 468 793 ammae
493 734 655 793 aestimabis
679 735 816 805 colerem,
845 752 933 812 auom
955 736 1064 793 atrium
1090 743 1117 793 a
1141 733 1211 792 tact-

134 838 221 897 dam?
248 860 301 896 non
323 848 354 897 ut
375 842 426 895 o'c'r
449 840 484 895 sit
511 840 574 915 epea
599 836 758 896 minoratio
783 841 859 909 aas,
886 840 939 895 etsi
956 835 1009 895 boo
1029 834 1211 895 Aenesidemo

133 944 213 998 visum
231 951 271 999 est
288 951 314 999 et
333 942 517 1005 Anaeimenb·
540 948 571 996 et
590 935 707 997 ibidem
728 948 836 998 uarat
854 935 1034 1015 miculoque
1051 954 1109 997 ouo
1128 956 1211 999 com·

135 1040 242 1116 probat
266 1039 366 1101 vicum
390 1040 588 1101 mulierculae
611 1040 783 1115 obiectum,
815 1059 894 1120 quae
919 1037 1053 1099 enimam
1075 1038 1135 1099 eibi
1155 1060 1210 1117 ep·

133 1143 269 1221 pomisne
290 1143 333 1203 eie
355 1144 524 1205 celerabat:
546 1150 617 1205 inter
637 1156 732 1205 cetero
753 1156 863 1205 ostenso
882 1155 924 1204 est
941 1144 1011 1203 milti
1028 1148 1127 1201 oniam
1147 1162 1211 1201 cor*

130 1250 271 1323 poralr‘ter,
293 1261 319 1309 et
340 1254 453 1329 spiritua
471 1248 632 1317 videbatum
654 1248 705 1307 sed
725 1268 781 1307 non
800 1251 937 1307 muniret
957 1266 1067 1307 eocaae
1086 1246 1212 1325 qualita-

132 1356 179 1420 tis,·
210 1356 294 1411 immo
321 1374 395 1433 quae
423 1358 507 1411 etiarn
536 1356 625 1412 tenui
650 1356 867 1431 repromitteret,
898 1361 995 1410 tenero
1016 1358 1044 1408 ct
1066 1347 1164 1407 lucau
1184 1358 1212 1407 et

133 1458 203 1513 aerii
221 1456 318 1514 coluris
331 1452 370 1535 2).
420 1453 552 1513 Proreus
577 1452 681 1513 Stoice
707 1463 812 1511 autem
839 1450 880 1511 de
904 1448 1013 1511 eubtili
1037 1447 1211 1509 nolanorum

133 1572 261 1633 corpore
284 1566 315 1615 et
338 1554 504 1615 decorum
527 1553 558 1613 in
582 1551 694 1628 deum,
715 1551 798 1613 unde
822 1553 980 1631 proiectae
1001 1551 1142 1628 fueraut,
1163 1571 1213 1611 re·

133 1656 273 1717 versione
296 1657 340 1718 eie
361 1658 503 1736 loquitur
525 1659 643 1718 Auctor
663 1656 788 1717 ludicus
811 1657 896 1733 Baga
916 1654 1040 1716 Vedom
1055 1654 1101 1737 ³):
1118 1656 1212 1730 „Vie-

132 1777 194 1818 nou
220 1758 318 1819 creoit
345 1756 398 1817 dee
428 1758 592 1835 particulos
616 1757 654 1815 do
677 1777 709 1816 ea
732 1774 850 1835 propre
870 1758 1033 1816 substance
1053 1756 1099 1816 leo
1119 1776 1213 1832 amen,

132 1860 312 1939 nuxquelles
341 1858 365 1915 il
393 1855 525 1915 douuoit
556 1854 684 1916 d’abord
711 1857 766 1918 dee
792 1878 883 1937 corpe
912 1858 973 1921 lert
999 1857 1128 1936 subtile,
1158 1878 1213 1920 en·

133 1961 212 2021 snite
232 1962 256 2020 il
277 1961 323 2020 lec
344 1958 475 2035 joiguoit
497 1978 571 2019 avec
593 1956 726 2019 d’autree
743 1979 835 2047 corpe
855 1961 918 2021 lort
939 1960 1035 2041 epate.
1077 1962 1212 2025 hecub·

132 2078 233 2124 stanco
258 2062 296 2123 de
318 2063 406 2122 l’ame
430 2072 460 2120 et
482 2062 513 2121 la
533 2060 762 2140 cenomannum,
783 2064 897 2144 qu'clle
918 2086 946 2139 a,
971 2086 1011 2124 ne
1032 2077 1103 2125 eout
1124 2076 1211 2127 atttre

131 2168 232 2241 chose,
253 2186 314 2245 qne
330 2166 453 2225 vimen
472 2164 651 2241 lui-mimo,
673 2161 796 2225 etilo
818 2165 862 2226 fin
883 2164 922 2227 de
942 2168 974 2227 le
996 2164 1211 2227 carrionem

130 2280 237 2328 uentre
262 2264 339 2327 dane
359 2268 510 2328 Vianou.’'

217 2372 260 2432 At
282 2388 359 2432 vero
382 2370 559 2434 Stoicorum
583 2370 675 2448 deuo,
704 2370 847 2454 quamvis
868 2389 1052 2452 corporeae,
1077 2373 1213 2434 bumana

131 2489 236 2536 tamen
259 2495 323 2535 non
349 2474 510 2555 praeditus
538 2488 605 2537 orat
632 2477 739 2536 torma.
782 2475 969 2559 meritust)
989 2496 1098 2539 eorum
1120 2474 1212 2538 deum

131 2599 195 2642 non
225 2599 290 2640 cese
320 2573 621 2664 ἀνθρωπόμορφον
643 2576 759 2638 diserte
780 2576 872 2640 dicit:
902 2578 935 2640 iu
962 2599 1026 2660 quo
1053 2577 1212 2659 Epicureis

128 2721 409 2734 nvn—ffl-

202 2815 234 2880 1)
254 2811 296 2865 De
315 2815 402 2866 anima
423 2835 444 2867 c.
467 2815 491 2870 9.
509 2833 536 2886 p.
554 2819 615 2868 tto.

203 2905 235 2971 2)
254 2903 354 2956 ibidem
381 2904 453 2957 addit
477 2903 675 2968 Tertullianus,
705 2901 776 2957 hanc
802 2903 920 2956 eitimam
944 2901 1025 2956 luisse
1052 2902 1139 2956 forme
1164 2921 1213 2973 per

126 2992 220 3046 omnia
239 2991 370 3054 humanm
390 2991 462 3045 unde
481 2991 634 3056 concludit,
653 2991 768 3063 elligiem
787 3012 840 3044 noa
855 2992 939 3042 eliam
955 2993 1061 3044 aninroe
1078 2993 1213 3045 bumorm

126 3081 312 3148 deputandam
331 3092 441 3148 praeter
459 3082 620 3138 lrunronam,
648 3091 675 3130 ct
696 3082 801 3150 quidem
818 3080 876 3130 eius
894 3080 1025 3146 corporis,
1052 3081 1125 3152 qaod
1142 3098 1211 3132 urta-

126 3184 249 3238 ‹Jaaepue
268 3165 450 3224 commentia·
470 3165 586 3235 elfigiem
602 3166 684 3236 igitur
702 3166 806 3216 animae
826 3165 880 3230 dat,
899 3175 924 3215 et
943 3164 1096 3234 corporales
1113 3166 1149 3218 illi
1168 3166 1213 3218 in-

125 3251 220 3304 scribit
242 3251 339 3318 lineas,
367 3270 419 3301 noa
444 3261 568 3316 tantum,
596 3262 624 3303 ut
644 3250 746 3322 inquit,
774 3269 807 3300 ex
818 3250 926 3318 fiducia
946 3253 1148 3320 corporalitatis
1163 3274 1212 3322 per

124 3338 354 3403 (aestimationem,
390 3357 480 3388 veram
507 3347 532 3389 et
562 3358 594 3389 ex
626 3337 780 3389 constantia
806 3338 915 3408 gratioe
942 3355 990 3406 per
1017 3339 1212 3391 revelationem.

124 3426 204 3479 idem
224 3425 321 3477 ibidem
344 3443 369 3480 c.
385 3431 426 3478 22.
447 3444 473 3497 p.
492 3429 552 3478 28⁰.
571 3425 664 3479 definit
681 3425 798 3478 animam
818 3425 996 3496 corporalem,
1014 3425 1168 3497 effigiatam,
1187 3438 1213 3479 et

123 3524 194 3569 teste
214 3514 363 3585 Augustino
382 3513 487 3568 Haeres.
501 3517 543 3569 86.
561 3514 677 3568 animam
697 3525 772 3567 vocat
790 3531 890 3585 corpus
903 3514 1057 3586 effigiatum.
1092 3515 1139 3569 Sic
1155 3518 1211 3568 lre-

123 3621 212 3656 naeus
231 3601 293 3654 dixit
311 3601 343 3666 ll,
362 3605 407 3656 94.
426 3603 529 3657 animae
546 3603 643 3656 babere
661 3603 740 3656 etiam
765 3602 881 3657 bominis
905 3602 1034 3675 figuram,
1058 3615 1090 3658 ut
1108 3623 1211 3676 cogno·

122 3702 245 3745 scautur.
282 3689 328 3743 Sic
345 3701 373 3742 et
388 3690 458 3761 apud
474 3692 651 3744 Reimannum
664 3690 760 3746 Hister.
774 3691 902 3745 ritheismi
921 3712 947 3763 p.
962 3695 1021 3745 bii.
1039 3692 1139 3745 videbis
1153 3694 1212 3744 llu-

120 3778 232 3833 tonium
251 3778 370 3830 Reccunr
390 3790 558 3844 statuentem,
577 3779 679 3832 artimus
694 3799 796 3844 omnes,
815 3781 936 3852 adeoque
951 3777 1116 3846 rationalem,
1136 3799 1212 3833 com-

120 3867 281 3921 mensurari
297 3869 419 3938 corpori,
446 3880 475 3922 ut
493 3887 554 3939 pars
570 3869 675 3920 animae
694 3871 764 3939 parti
786 3868 908 3938 coeperit
928 3867 1096 3936 respondeat.
1138 3867 1213 3922 Ean·

118 3957 189 4009 dem
210 3956 288 4008 etiam
307 3973 381 4010 nuno
397 3955 579 4010 Siameosibus
597 3957 754 4028 opinionem
774 3957 867 4010 tribuit
884 3957 921 4009 la
939 3955 1073 4011 tentiae
1091 3955 1137 4010 Du
1155 3957 1211 4010 Ro-

118 4061 226 4116 yaume
246 4042 279 4097 de
297 4043 372 4096 Siam
390 4045 421 4096 T.
438 4047 458 4098 l.
478 4064 505 4115 p.
523 4046 585 4098 361.

200 4133 232 4199 3)
252 4131 389 4184 Veraiouie
406 4132 525 4188 Gallicae
545 4148 677 4188 manuscr.
697 4151 723 4204 p.
740 4137 782 4186 24.

201 4221 232 4288 4)
250 4219 314 4289 Peg.
335 4223 398 4274 199.
