2984 4825
580 344 818 405 -ett-

149 514 233 571 ileum
262 532 363 593 corpus
391 532 468 586 eree,
496 516 551 571 etsi
566 512 636 571 deus
656 513 769 590 spiritus
789 512 850 569 est?
899 511 1018 590 Spiritus
1038 512 1109 568 enim
1130 526 1233 586 corpus

148 620 194 673 sui
209 619 317 690 generis
338 619 366 673 in
388 634 443 673 eoo
465 612 566 695 effigie.
620 610 692 685 Quo
721 610 788 671 lere
816 608 909 671 motio
941 622 973 671 et
1002 608 1172 689 Epicurum
1201 618 1233 667 et

148 715 240 777 lndoe
268 728 390 777 veteres
419 734 531 794 corpus
560 713 619 775 deo
647 714 814 790 tribuieee,
847 712 910 773 aule
934 710 1012 771 locie
1038 710 1179 787 docuieee
1199 728 1232 770 ee

148 832 253 880 monet
268 819 447 879 Bruekerue
459 816 503 899 l);
528 836 597 878 cnm
614 829 775 896 praeterea
789 814 872 895 apud
888 810 1191 891 Pseudo-Origenem
1202 809 1233 895 2)

148 921 354 979 Braelimnnes
375 921 500 984 τοῦτον
521 912 582 983 τὸν
606 918 801 995 ΛΟΓΟΝ,
825 914 866 983 ὃν
887 910 974 1013 &eiu
997 909 1233 997 ὀνομάζουσιν,

150 1020 465 1087 ΣΩΜΑΤΙΚΟΝ
484 1020 571 1085 εἶναι
601 1020 792 1081 existiment.
843 1022 871 1079 Λ
899 1038 963 1100 quo
990 1028 1095 1079 tamen
1124 1033 1232 1075 errore

148 1126 337 1199 obhorrent,
369 1124 425 1204 qui
455 1124 540 1183 inter
566 1122 660 1185 lndoe
688 1124 879 1185 recentiores
904 1119 1057 1202 sapientia
1086 1117 1232 1191 eminent,

150 1248 218 1288 cunr
242 1227 275 1287 in
297 1224 544 1289 Ezour'Vedam
562 1225 590 1310 ⁵)
613 1227 713 1287 multo
736 1225 906 1287 consultior
920 1220 950 1307 ⁴)
978 1240 1072 1304 qoam
1101 1219 1136 1281 in
1161 1220 1232 1299 ipen

221 1402 251 1470 t)
268 1402 347 1455 Tem.
368 1401 414 1453 lll.
432 1420 459 1471 p.
476 1404 538 1455 412.
706 1402 736 1469 2)
756 1398 957 1472 Philosophum.
975 1418 1002 1470 p.
1021 1399 1083 1452 tte.

217 1490 248 1556 3)
266 1490 330 1560 Peg.
350 1492 393 1541 17.
412 1488 537 1541 versionis
558 1486 677 1541 Gallicae
697 1488 903 1558 manuscriptae.

218 1577 248 1644 4)
267 1575 345 1630 Clare
363 1587 452 1629 autem
474 1574 586 1641 Cicero,
606 1576 669 1649 quid
689 1588 755 1628 esset
775 1576 975 1645 spiritualitas,
1001 1584 1160 1639 utineam,
1185 1593 1231 1627 seu

146 1666 372 1721 immaterialiter,
390 1664 527 1736 perspexit.
564 1662 611 1717 Sic
629 1664 700 1718 enim
721 1662 843 1735 loquitur
862 1662 1069 1727 Tuscut.1,2t:
1095 1662 1174 1712 Nittt
1190 1674 1231 1713 eat

147 1754 176 1805 in
194 1755 290 1805 animia
309 1754 423 1805 mixtum
440 1761 524 1821 etque
543 1760 708 1815 concretum,
731 1759 782 1800 out
801 1748 874 1820 quod
889 1766 923 1799 ex
940 1758 1015 1798 terro
1033 1758 1129 1800 notum
1148 1758 1233 1819 atque

145 1843 242 1907 fictum
261 1858 317 1891 esee
335 1838 479 1897 videntum
505 1836 574 1889 ntitt
591 1856 624 1889 no
643 1847 693 1889 out
711 1836 851 1887 humidum
869 1834 976 1907 quidem
997 1845 1048 1886 out
1065 1833 1163 1905 flebile
1180 1844 1233 1887 out

147 1929 262 1998 igneum.
300 1926 353 1978 ,Hie
372 1924 440 1977 enim
457 1925 486 1977 in
504 1925 803 1990 aeternaitatem,
821 1925 893 1996 quod
909 1924 963 1975 vim
980 1925 1134 1990 memoriae,
1157 1942 1231 1977 inen-

147 2015 197 2073 tia,
218 2012 389 2084 cogitationis
407 2012 507 2065 liabent
515 2035 525 2075 ,·
552 2014 668 2086 quodie
683 2015 836 2083 praeterito
852 2023 956 2069 teneat,
974 2021 1002 2063 et
1015 2012 1122 2082 futuro
1138 2013 1231 2081 provi-

147 2102 225 2158 deat.
250 2110 277 2151 et
297 2100 434 2170 complecti
449 2102 538 2171 possit
554 2102 725 2171 praesentim
753 2120 822 2175 quoe
840 2100 900 2153 tolo
918 2100 1010 2151 divino
1027 2110 1106 2165 sunt,
1124 2118 1171 2150 nec
1185 2100 1230 2150 in-

145 2188 269 2241 venietur
287 2207 415 2259 unquam,
436 2188 505 2239 unde
523 2188 561 2241 oti
578 2189 706 2243 hominem
725 2188 814 2241 venire
828 2187 942 2257 possint,
961 2186 1015 2239 nisi
1032 2205 1050 2237 o
1069 2186 1124 2239 ileo.
1167 2187 1230 2238 Sin-

144 2276 251 2349 gularis
268 2286 310 2327 eet
328 2277 415 2347 igitur
433 2276 565 2349 quaedum
584 2288 687 2330 notura
706 2287 790 2349 atque
809 2278 849 2328 vie
868 2274 965 2341 enimi,
988 2274 1111 2326 seiuncta
1136 2272 1171 2325 ol
1187 2276 1230 2326 irie

147 2364 269 2417 visitetis
288 2364 412 2436 notiaque
430 2366 548 2420 naturis.
591 2366 638 2416 Ito
657 2362 791 2438 quidquid
806 2374 849 2417 eat
866 2362 944 2422 illud,
962 2362 1035 2434 quoti
1050 2362 1143 2422 sentit,
1160 2362 1234 2435 quoti

145 2454 233 2524 sopit,
261 2453 333 2524 quod
349 2454 433 2512 vivit,
450 2455 530 2525 ‘quod
547 2455 636 2526 viget,
661 2455 772 2508 coeleste
791 2465 819 2506 et
837 2453 973 2508 divinum.
999 2449 1031 2503 ob
1048 2467 1159 2523 eumque
1176 2469 1232 2504 rein

145 2553 281 2594 oeternum
300 2541 337 2594 eit
356 2560 459 2597 necesse
476 2553 528 2596 eet.
565 2545 620 2596 Nec
639 2562 700 2598 uero
719 2543 785 2596 eleut
801 2545 872 2612 ipae,
896 2541 946 2613 qui
962 2540 1127 2610 intelligitur
1145 2557 1164 2589 o
1182 2558 1231 2592 no-

146 2629 200 2694 bis,
226 2629 281 2680 olio
302 2629 377 2680 modo
395 2628 512 2700 intelligi
527 2639 634 2700 pateat.
658 2631 711 2682 nisi
735 2649 807 2684 inens
831 2630 923 2682 soluta
942 2629 1074 2701 quaedem
1093 2636 1120 2679 et
1137 2626 1230 2685 tibere,

144 2726 288 2787 segregato
315 2715 350 2765 ob
375 2717 445 2767 omni
471 2720 634 2770 concretione
662 2719 784 2775 mortali,
812 2718 902 2770 omnio
924 2715 1041 2770 sentiens
1064 2725 1092 2765 et
1117 2733 1231 2780 movens,

143 2806 256 2876 ipnoque
273 2803 400 2874 praedito
420 2815 492 2856 motu
512 2805 678 2876 sempiterno.
722 2805 756 2860 Et
773 2804 882 2860 Tuscul.
900 2807 922 2872 1,
941 2807 990 2860 tt:
1021 2807 1055 2856 In
1074 2802 1157 2856 oninii
1174 2821 1229 2856 ou-

144 2903 197 2943 tem
215 2891 380 2964 cognitione,
400 2889 526 2943 dubitare
543 2913 595 2946 non
612 2913 770 2964 possumus,
788 2894 842 2945 nini
858 2893 939 2963 plone
957 2893 986 2944 in
1001 2893 1123 2963 phynicia
1138 2891 1229 2962 plom-

144 2978 185 3030 bet
201 2998 313 3046 eumue,
335 2981 404 3052 quin
423 2981 493 3032 nihil
509 2981 547 3034 iit
571 2982 669 3035 animia
691 2981 858 3047 admixtum,
883 2983 953 3034 nihil
971 2992 1136 3048 concretum,
1162 2981 1231 3033 nilril

143 3069 313 3135 copulatum,
339 3069 409 3118 niliil
433 3080 634 3138 coagmentum,
658 3071 728 3122 nillil
748 3071 857 3139 duplex.
899 3071 998 3140 Magni
1021 3079 1112 3121 autem
1129 3069 1231 3137 ingenii

143 3163 199 3218 est,
225 3165 255 3206 ut
273 3155 328 3224 ipse
346 3155 383 3208 ait
401 3155 480 3210 Tusc.
498 3157 517 3220 1,
537 3159 588 3222 tt,
616 3175 739 3209 revocare
757 3168 870 3210 mentem
888 3174 907 3208 a
924 3155 1105 3218 eemttwe
1125 3156 1229 3222 cogito-

143 3239 240 3289 tionem
259 3257 277 3288 o
296 3242 487 3291 consuetudine
507 3240 646 3294 obducere.
684 3243 765 3314 Apud
785 3243 900 3295 eundem
919 3241 952 3294 ele
969 3241 1003 3295 N.
1020 3242 1054 3293 D.
1067 3243 1087 3307 l,
1101 3243 1145 3293 11.
1165 3241 1230 3292 Vel·

143 3322 210 3376 leius
226 3323 390 3395 Epicureus:
408 3329 608 3398 Anaxagorae,
626 3329 650 3380 ai
670 3339 782 3380 mentem
800 3331 881 3380 irtam
900 3331 980 3399 quoii
998 3327 1101 3379 artimol
1118 3328 1231 3398 aliquod

141 3430 197 3465 ease
211 3411 307 3479 voluit,
325 3415 376 3466 erit
393 3415 501 3487 aliquid
515 3418 638 3484 interius,
655 3437 688 3469 ex
705 3437 758 3490 quo
775 3417 848 3470 ittuo
864 3417 968 3470 animal
981 3415 1144 3469 nominetur:
1164 3415 1231 3488 quid

142 3511 235 3553 autem
252 3502 368 3555 interius
386 3503 494 3556 mente?
516 3505 664 3576 fingetur
681 3505 770 3576 igitur
788 3522 895 3575 corpore
911 3515 1029 3557 externo.
1065 3503 1146 3574 Quotl
1161 3522 1228 3575 puo-

140 3590 215 3640 niom
230 3607 283 3642 non
298 3592 404 3660 ploret,
430 3603 526 3662 aperto
544 3593 708 3666 simplexque
726 3611 813 3661 mene,
839 3593 918 3646 nullo
938 3593 1130 3650 tendinum,
1158 3609 1228 3662 quoe

140 3678 239 3729 sentire
254 3679 342 3748 poerit
359 3679 493 3750 (Olivetus
509 3679 575 3752 legit
592 3697 648 3753 quo
665 3679 765 3733 sentire
781 3691 887 3751 posset,
912 3692 941 3734 ut
960 3681 1032 3752 apud
1051 3680 1080 3733 S.
1098 3679 1228 3750 Augusti-

140 3784 206 3818 num
227 3763 277 3838 Ep.
296 3769 357 3820 118.
375 3787 420 3821 no.
437 3772 479 3822 25.
500 3786 551 3840 ego
569 3779 657 3822 autem
678 3785 749 3840 quae
766 3769 990 3837 remiremont),
1004 3768 1106 3838 sugere
1126 3767 1227 3817 intelli-

136 3855 248 3924 gentiae
274 3866 384 3909 nostroe
410 3856 461 3908 vim
486 3867 513 3905 et
538 3857 668 3907 notionem
694 3858 811 3910 videtur.
847 3857 921 3910 idem
939 3857 1058 3910 Velleius
1074 3857 1226 3928 Epicureus

139 3941 238 4006 ibidem
259 3943 346 4009 l,12:
370 3944 450 4014 Quotl
469 3961 529 3996 vero
546 3944 602 4024 aine
620 3961 726 4015 corpore
745 3945 801 3998 ullo
820 3946 896 3996 deum
916 3947 976 3998 vult
995 3965 1060 4012 esee,
1079 3957 1112 3996 ut
1131 3947 1227 3997 Groeci

136 4032 248 4098 dicunt,
273 4030 425 4096 α’σοὶματονς
453 4033 485 4083 id
504 4033 584 4104 quole
601 4051 657 4084 esee
674 4035 776 4102 possit,
793 4033 912 4106 intelligi
929 4053 981 4086 non
999 4044 1107 4104 poteat;
1132 4043 1226 4086 careat

136 4121 206 4172 enim
230 4140 310 4174 sensu
334 4141 439 4174 necesse
464 4133 519 4187 eet,
550 4131 643 4174 eoreot
667 4123 750 4174 etiem
773 4123 935 4190 prudentio,
959 4131 1052 4174 coreo!
1075 4121 1157 4173 etiam
1179 4141 1224 4174 vo-

137 4208 253 4275 luptate.
295 4210 368 4264 idem
393 4211 464 4283 apud
493 4211 607 4265 eundem
632 4211 702 4264 inira
730 4231 753 4264 e.
770 4213 819 4265 ta:
848 4216 912 4264 Com
932 4213 1099 4264 outemoine
1119 4228 1225 4280 corpore
