2984 4825
639 362 677 371 -
742 345 818 387 ms
880 358 924 369 ···
1029 360 1035 369 ·

237 499 379 565 Cornuto
400 494 520 557 discere
540 494 641 557 licset.
686 494 851 555 Praeterea
867 510 947 568 cum,
968 501 1003 553 ut
1020 492 1167 553 observat
1181 493 1322 555 Bruclre-

236 620 290 662 rue
311 600 350 659 Τ.
371 600 394 659 l.
415 619 448 677 p.
469 598 550 674 95³,
579 595 743 677 principiis
767 595 1009 677 physiologicis,
1040 614 1122 677 quae
1142 594 1267 658 abunde
1287 598 1321 659 in

237 703 380 763 Cornuto
401 712 619 781 exponuntur,
641 699 795 761 innitatur
816 698 961 759 doctrina
979 698 1160 761 Stoicorum
1185 701 1322 777 morulis,

235 807 304 868 siue
325 806 473 865 horumce
502 801 731 883 principiorum
755 801 933 881 cognitione
955 820 1011 861 neo
1031 803 1160 865 moralis
1183 802 1322 884 perfecte

237 908 379 989 cognosci
403 918 516 989 potest.
559 904 643 968 ldem
662 904 842 965 Bmclrerus
863 904 935 963 T.l.
958 905 1067 983 peso
1087 905 1233 967 similiter
1255 921 1323 968 rno-

236 1024 366 1087 uuerot,
397 1008 626 1091 physiologiam
655 1006 792 1069 Stoicam
820 1024 860 1067 eo
886 1007 984 1086 magis
1005 1018 1125 1069 attenta
1147 1008 1322 1073 considera·

235 1116 322 1177 tiona
345 1114 470 1193 dignam
495 1132 571 1187 esse,
593 1108 689 1192 quod,
712 1121 747 1170 ut
770 1109 823 1185 sit,
852 1110 949 1187 magis
971 1110 1204 1189 magnificorum
1225 1126 1320 1197 atque

237 1217 475 1299 splendidorum
494 1214 660 1277 verborum
681 1224 795 1275 ornatu
817 1232 968 1273 summam
990 1213 1116 1277 iactavit
1137 1218 1321 1298 sapientiam

238 1332 269 1382 et
291 1317 493 1381 fundamenta
516 1320 660 1400 praebuit
684 1317 795 1379 morali
815 1318 1033 1398 philosophiae
1051 1320 1186 1404 perti*),
1207 1322 1320 1405 quihus

239 1421 278 1484 ed
301 1424 399 1484 nubes
421 1442 519 1503 usque
542 1430 694 1500 surgeret.
736 1418 821 1480 Idem
840 1420 1021 1481 Brotherus
1039 1420 1077 1481 T.
1093 1421 1118 1482 l.
1140 1442 1173 1502 p.
1188 1426 1247 1483 911
1273 1421 1320 1484 di·

238 1526 281 1588 cit
310 1523 480 1588 secundum
511 1523 651 1601 Stoicos,
683 1523 869 1604 sapientiam
895 1542 963 1585 esse
988 1540 1094 1585 rerum
1115 1525 1319 1587 humanarum

239 1628 480 1709 divinarumque
502 1624 672 1699 scientiam,
699 1624 932 1705 philosophiam
954 1646 1041 1703 vero,
1062 1628 1129 1689 sire
1151 1630 1321 1710 supientiae

238 1731 397 1807 studium,
418 1726 674 1790 exercitationem
697 1746 763 1789 esse
788 1727 865 1787 artis
886 1724 924 1787 sd
945 1728 1129 1807 sapientiam
1149 1750 1321 1795 accommo-

239 1834 339 1895 dntae.
391 1832 471 1894 Cum
492 1850 586 1907 sero,
607 1830 740 1912 inquit,
774 1828 907 1892 mundus
928 1850 993 1891 non
1016 1830 1066 1891 dei
1088 1843 1210 1895 tantum
1232 1854 1320 1917 opus,

241 1936 294 1998 sed
317 1936 438 2016 etipse
460 1934 535 1996 deus
558 1935 615 2013 sit,
638 1945 673 1995 ut
696 1945 807 2015 postea
830 1932 1014 1997 indubitatis
1035 1934 1212 1999 Stoicorum
1235 1940 1321 2001 testi·

242 2040 354 2102 moniis
377 2038 589 2121 probabimus,
612 2036 700 2097 iaeile
722 2034 796 2097 iude
817 2036 1012 2114 intelligitur,
1034 2058 1179 2121 quaeres
1195 2038 1320 2104 divinae

238 2144 318 2221 siut,
348 2144 427 2205 circs
455 2162 531 2224 quse
558 2140 709 2219 sapientia
735 2152 766 2202 et
791 2140 993 2220 philosophia
1015 2154 1173 2219 versatur,
1203 2154 1236 2205 et
1256 2164 1320 2226 qus

238 2248 360 2309 ratione
384 2244 579 2326 physiologia
604 2264 716 2324 magns
742 2257 776 2305 et
801 2244 996 2305 nobilissime
1016 2264 1089 2323 pars
1114 2244 1155 2307 ait
1181 2246 1321 2326 philoso-

239 2348 331 2430 phiae
360 2346 493 2407 Stoicae.
546 2343 635 2407 Adde
662 2356 695 2406 et
724 2344 797 2405 hinc
820 2344 909 2405 iacile
929 2344 1064 2423 intelligi
1085 2366 1194 2428 posse,
1226 2369 1320 2433 quam

239 2449 317 2511 utile
339 2448 380 2509 sit
404 2447 543 2530 Cornuti}
565 2466 659 2526 opus,
689 2447 744 2529 qui
772 2448 857 2508 solua
883 2449 962 2508 hanc
990 2467 1132 2530 magnam
1162 2453 1320 2517 nobilissi-

239 2570 384 2632 mamque
406 2547 624 2630 philosophise
645 2547 768 2610 Stoicae
791 2561 912 2632 partem
932 2562 1055 2613 tractat.
1098 2553 1141 2615 V.
1162 2555 1320 2620 Plutarch.

240 2653 278 2714 de
301 2652 724 2734 Stoic.repugu.p.1037,
754 2653 808 2714 uhi
836 2653 913 2734 legis
939 2653 1152 2738 Chrysippum
1180 2657 1320 2745 disputa·

241 2758 359 2818 tionem
380 2755 420 2818 de
442 2754 501 2818 deo
523 2757 623 2818 solere
647 2755 790 2817 omnihus
810 2756 983 2817 moralibus
1003 2759 1206 2837 praemittere
1227 2783 1322 2844 quae.

240 2857 396 2920 stionibus
425 2868 457 2918 et
486 2859 525 2918 eh
553 2855 645 2918 huius
674 2857 852 2936 cognitione
878 2859 983 2920 omnia
1011 2871 1086 2939 apta
1114 2874 1145 2922 ct
1174 2883 1322 2944 suspensa

241 2971 389 3034 statuere,
414 2968 445 3019 et
469 2957 536 3020 sine
558 2957 615 3019 hac
636 2958 757 3019 nullum
778 2959 915 3035 initium,
935 2961 1057 3021 nullum
1079 2960 1198 3024 aditum
1220 2985 1323 3027 more·

242 3061 280 3122 lis
302 3058 464 3122 doetrinae
485 3057 617 3144 seseli).
660 3059 700 3120 Et
722 3079 801 3139 cum,
822 3073 859 3123 ut
879 3063 923 3123 ait
940 3061 1051 3124 Cicero
1066 3060 1106 3125 de
1121 3063 1175 3127 fin.
1191 3067 1232 3146 V,
1248 3068 1321 3152 [28]

240 3312 316 3367 caius
339 3311 523 3384 disputationis
546 3311 637 3367 indole
662 3323 689 3366 et
711 3324 872 3385 argumento
897 3315 1007 3386 copiose
1032 3314 1155 3370 disseruit
1172 3313 1275 3370 Censor
1291 3317 1322 3371 in

240 3400 453 3454 Zimmerrnanni
471 3397 587 3470 Paedag.
607 3399 697 3470 philol.
714 3399 895 3456 Littcnturhl.
914 3407 994 3458 tuat.
1013 3403 1065 3458 No.
1081 3405 1135 3473 dh]

313 3486 338 3554 ¹)
357 3487 389 3540 v,
407 3485 518 3558 Georgii
537 3488 598 3541 alb.
613 3488 797 3561 Hagendornii
815 3489 1046 3563 Disputstionern,
1065 3511 1137 3563 quae
1152 3489 1321 3545 inscribitur

241 3572 355 3628 Moralis
373 3572 540 3647 Chrysippea
557 3595 573 3628 e
591 3595 682 3630 rerum
700 3589 797 3632 nature
814 3580 902 3651 petits.
921 3578 1048 3636 Altdorfii
1066 3583 1147 3635 1685.

301 3661 338 3732 “)
356 3661 426 3731 [ilar.
445 3663 479 3718 de
497 3665 626 3720 seutemia
644 3664 787 3739 Chrysippi
806 3666 997 3738 disputavimus
1012 3669 1137 3740 Beitrige
1150 3669 1168 3722 l.
1179 3687 1202 3723 c.
1219 3669 1322 3740 pm.

241 3749 366 3804 Ceteram
391 3751 435 3808 hic
457 3753 576 3808 inserere
600 3773 629 3808 es
653 3773 682 3810 rs
702 3755 820 3824 ridetur,
847 3773 916 3826 quas
934 3757 1001 3811 solio
1019 3757 1118 3812 solenti
1136 3775 1153 3809 a
1172 3755 1322 3810 Villoisono

241 3835 372 3906 adscripta
390 3839 418 3892 iu
437 3840 477 3896 his
493 3843 754 3916 Prolegornersorutn
771 3841 874 3898 schedis
897 3845 1000 3916 reperi:
1027 3842 1106 3911 „Cur
1123 3842 1248 3916 physicas
1265 3861 1323 3898 noa

241 3925 298 3978 sins
315 3943 405 3979 mussa
423 3929 555 3985 tribuatur
572 3931 668 4000 honor,
687 3931 825 4005 praeclare
842 3933 881 3988 sio
896 3933 975 3987 docet
988 3931 1067 4002 Cato,
1084 3931 1240 3986 Stoicorum
1258 3949 1324 4003 par·

242 4021 280 4065 tes
297 4011 444 4082 sustineus,
469 4017 539 4086 apud
559 4017 719 4074 Ciceronem
744 4019 778 4074 de
802 4020 850 4074 fin.
868 4019 913 4088 lll,
932 4025 982 4074 rs:
1010 4029 1154 4092 propterea
1179 4019 1253 4092 qaod
1275 4020 1324 4090 pai

244 4100 427 4153 convenienter
450 4111 567 4154 naturas
593 4107 716 4160 victurus
742 4109 796 4174 sit,
823 4109 849 4160 si
874 4107 1097 4178 proficiscendum
1120 4117 1165 4161 sst
1190 4106 1228 4159 oh
1253 4108 1325 4158 omni

245 4187 342 4242 mando
358 4197 440 4260 atque
457 4187 493 4241 oh
509 4188 567 4242 sias
584 4193 774 4261 procreatione.
811 4195 869 4247 Nec
884 4213 947 4248 vero
963 4204 1054 4265 potest
1071 4192 1215 4268 qai'sqacm
1229 4193 1262 4245 de
1276 4192 1323 4246 io·
