2984 4825
688 359 729 369 -
768 340 896 385 mm!
919 355 960 369 ·-

291 494 375 569 nuti,
405 492 491 553 cuiue
512 492 638 554 libellus
661 502 708 555 eet
731 488 807 574 περὶ
828 490 890 572 τῆς
911 488 978 555 τῶν
999 489 1092 553 θεῶν
1115 485 1265 571 φύσιας,
1285 503 1375 554 certo

290 594 415 659 definiri
434 613 498 657 nou
520 605 626 676 queat,
652 593 806 657 incertum
828 603 885 668 ert,
911 602 983 651 uter
1003 590 1137 653 alterum
1161 588 1373 673 descripserit.

290 696 325 761 ld
346 709 468 775 menet,
499 695 671 759 Cornutum
701 716 719 755 a
742 693 859 756 Cronio
885 689 1139 771 dietiugueudum
1160 710 1227 755 eeee
1250 706 1281 755 er
1303 697 1373 755 uni·

290 820 412 863 verram
428 801 518 863 ictam
535 800 624 863 Galei
641 799 680 863 de
696 798 839 863 Cornuto
857 795 1100 877 disputationem
1117 815 1280 858 erroneum
1295 818 1373 876 eree,

290 915 322 965 οἳ
350 895 569 987 ἁμαρτήματι
598 902 801 985 profiterere}
829 898 951 961 inniti.”
1012 895 1133 974 Quibus
1161 898 1282 962 ultimis
1310 921 1372 963 run

291 1003 419 1069 Goencii
440 1004 544 1067 verbis
565 1004 702 1067 libenter
723 1002 851 1086 quidem
868 1001 1030 1078 recentior,
1052 1014 1087 1063 ut
1102 1013 1209 1082 putem
1226 1023 1296 1065 eum
1313 1004 1373 1066 im·

289 1106 402 1169 merito
421 1106 634 1181 affirmarim,
656 1108 748 1169 huiue
763 1106 896 1170 Cornuti
913 1118 1046 1167 aetatem
1064 1119 1150 1168 certo
1167 1103 1291 1170 definiri
1307 1126 1373 1168 nou

289 1227 399 1291 poree,
419 1229 513 1291 quem
536 1212 593 1273 cub
616 1209 749 1273 Claudio
772 1222 803 1271 er
823 1210 951 1272 Nerone
972 1208 1088 1271 rixieee
1112 1219 1243 1271 constat.
1285 1209 1373 1285 „Do-

291 1323 341 1375 cet
356 1320 460 1373 autem
478 1311 515 1375 1..
529 1312 722 1391 Holeteniue,
743 1325 822 1377 reete
837 1311 947 1376 eodem
962 1312 1080 1376 ibidem
1096 1312 1203 1387 Geleo,
1225 1332 1262 1373 ea
1276 1314 1373 1374 verba

292 1413 490 1500 (Porphyrii)
518 1416 637 1479 tributa
665 1418 761 1479 fuieee
789 1415 931 1478 Cornuto
961 1438 979 1475 u
1003 1416 1047 1478 lo.
1068 1414 1220 1490 Stobaeo,
1249 1416 1373 1477 etiamei

291 1538 375 1579 nunc
396 1517 517 1581 dierum
538 1539 601 1583 uon
622 1519 758 1583 addatur
774 1520 809 1581 in
829 1518 964 1583 Stobeeo
986 1537 1099 1581 nomen
1123 1515 1266 1578 Cornuti.
1308 1516 1372 1578 Sed

290 1620 351 1681 hoc
368 1621 487 1683 nemini
504 1622 604 1685 videri
624 1622 716 1687 debet
734 1620 859 1698 mirum,
881 1620 937 1702 qui
956 1619 1069 1684 uiderit
1085 1617 1213 1681 schedae
1227 1617 1372 1681 Andreae
1488 1673 1489 1692 ,

291 1718 428 1801 schotti,
450 1724 482 1785 in
504 1724 619 1807 quibue
642 1725 739 1787 multo
760 1724 980 1804 reperiuntur,
1002 1739 1083 1805 quae
1104 1722 1221 1786 fruetra
1241 1740 1373 1803 quaerre

291 1823 326 1887 in
347 1824 483 1890 Stobaeo
504 1826 617 1889 edit0.”
662 1824 843 1889 Notandum
860 1837 974 1901 eutem,
996 1824 1173 1888 Fabricium
1190 1823 1224 1885 in
1239 1822 1372 1887 eundem

292 1948 327 1991 ac
349 1928 426 1991 Gale
448 1928 593 1993 incidisse
621 1948 761 1993 errorem
789 1949 825 1989 ac
853 1928 1013 2008 ecripeieee
1039 1948 1070 2007 p.
1090 1929 1174 2004 400,
1201 1942 1293 1989 urum
1314 1927 1372 1987 boc

293 2030 428 2093 Cornuti
450 2032 534 2095 libro
559 2032 652 2095 etium
675 2031 884 2113 Porphyrium
914 2032 946 2092 iu
973 2030 1090 2109 ecripro
1111 2029 1150 2091 de
1171 2042 1264 2095 autro
1285 2050 1373 2111 nym-

292 2134 427 2215 pharum
451 2145 483 2195 et
504 2135 605 2198 altero
627 2132 793 2215 deperdito
817 2133 893 2215 arpi
918 2127 1125 2215 ἀγαλμάτων
1150 2145 1181 2195 et
1204 2134 1263 2195 hoc
1284 2146 1374 2197 notu·

291 2247 358 2297 rum
375 2235 484 2300 Galeo.
527 2240 648 2299 Verum
669 2237 703 2297 in
720 2238 803 2298 hunc
820 2234 953 2299 eundem
971 2255 1111 2299 errorem
1129 2235 1274 2299 incidisse
1286 2238 1373 2298 Moe·

291 2340 447 2418 hemium‚
478 2341 534 2422 qui
562 2339 603 2401 ad
629 2338 806 2401 Cudwortb
831 2340 869 2400 T.
889 2339 914 2397 l.
940 2358 973 2417 p.
993 2340 1056 2399 40¹
1084 2338 1167 2401 bunc
1187 2340 1373 2402 Pictoreum

293 2440 423 2505 diriter
446 2443 506 2502 hoc
527 2444 606 2504 bene
628 2461 702 2502 eane
725 2440 823 2502 Galen
851 2442 1051 2504 observatum
1081 2442 1284 2521 pronuueiut3
1317 2439 1374 2502 red

293 2545 375 2604 bunc
398 2544 466 2624 ipee
490 2563 630 2606 errorem
652 2545 697 2606 eie
718 2540 894 2606 emendarit
916 2564 948 2623 p.
967 2546 1048 2606 625:
1075 2543 1153 2620 „uix
1174 2544 1277 2624 eptiur
1297 2545 1375 2605 baec

194 2695 197 2702 ,
293 2647 398 2708 omnia
420 2646 618 2710 corroborari
637 2659 728 2725 poree
749 2657 826 2725 puto
847 2665 942 2726 quam
964 2666 1004 2708 ex
1018 2647 1175 2709 Phornuti
1196 2649 1251 2729 qui
1272 2659 1374 2710 uetat

293 2748 394 2812 adhuc
416 2750 455 2812 de
478 2762 591 2826 natura
613 2747 742 2811 deorum
765 2749 889 2826 libello,
919 2768 1013 2830 quem
1035 2750 1170 2812 Tbomee
1192 2750 1269 2812 (ieie
1290 2750 1374 2810 inter

293 2853 443 2933 opuscula
459 2864 600 2914 veterum
622 2853 829 2933 mythologice
845 2893 896 2915 ...
912 2852 1032 2914 retulit.
1076 2855 1269 2919 Platonicum
1292 2855 1374 2915 hunc

294 2957 492 3018 Phurnntum
521 2955 617 3020 iniere
644 2956 721 3018 Gale
751 2954 877 3018 coniicit
901 2954 934 3014 in
964 2955 1162 3018 Praefatione
1191 2978 1224 3038 p.
1247 2961 1284 3032 7,
1316 2977 1374 3036 ego

294 3056 434 3119 Stoicum
456 3057 552 3120 fuieee
573 3057 678 3139 potine
701 3054 906 3132 crediderim,
927 3077 998 3118 cum
1019 3070 1152 3140 propter
1172 3081 1208 3122 ea
1230 3079 1311 3143 quae
1334 3057 1374 3120 de

294 3158 405 3222 mundi
421 3161 584 3224 exuitione
608 3181 632 3222 c.
651 3163 701 3222 17.
723 3182 755 3241 p.
772 3163 835 3222 174
857 3159 964 3234 tradit,
984 3182 1066 3243 quae
1084 3183 1102 3224 τ
1117 3163 1258 3226 Platonie
1273 3161 1376 3224 alienu

295 3265 387 3344 plane
409 3277 481 3325 eunt
502 3265 603 3341 reicis,
633 3275 699 3326 tum
726 3277 858 3345 propter
879 3265 978 3344 ipram
1002 3262 1133 3328 deorum
1154 3279 1298 3328 naturum
1318 3285 1375 3326 ex·

294 3365 431 3445 plicandi
453 3368 606 3430 rationem
629 3380 660 3430 et
679 3369 750 3446 elia,
772 3389 852 3450 quae
873 3388 957 3429 nuuc
973 3370 1200 3448 praetermitto.
1243 3369 1376 3432 Utcum-

295 3489 357 3550 que
375 3481 431 3544 eet,
453 3471 547 3532 homo
568 3472 618 3533 hic
637 3470 669 3532 id
690 3473 754 3550 agit
776 3483 845 3533 toto
865 3472 926 3532 hor
946 3472 1065 3550 libello,
1086 3486 1122 3535 ut
1139 3487 1280 3536 veterum
1298 3469 1376 3533 deor

295 3570 335 3634 ad
356 3584 498 3634 naturam
520 3595 627 3636 rerum
649 3587 776 3636 revocet
798 3587 829 3636 cr
847 3595 916 3637 cum
939 3573 1046 3636 muudi
1065 3576 1281 3657 edepeetabilie
1303 3595 1376 3654 per·

296 3675 380 3737 tibur
401 3687 433 3736 et
454 3680 602 3740 membris
630 3692 807 3758 componat.
855 3681 962 3759 ipetrm
991 3701 1070 3743 vero
1098 3699 1252 3742 nummum
1282 3677 1376 3738 deuur

296 3779 430 3838 animam
452 3799 518 3841 erec
541 3779 667 3855 mundi,
698 3779 765 3842 eine
797 3782 927 3844 circuitu
949 3783 1118 3846 confitetur
1139 3804 1165 3843 c.
1186 3785 1219 3842 2.
1242 3802 1275 3861 p.
1295 3783 1377 3842 141:

296 3875 405 3963 ὥσπερ
430 3881 463 3946 di
487 3874 582 3965 ἡμεῖς
604 3878 673 3948 dud
696 3885 803 3984 ψυχῆς
826 3880 1068 3968 deuteromonio,
1089 3881 1183 3950 οὕτω·
1203 3884 1257 3950 καὶ
1277 3877 1296 3948 d
1319 3878 1377 3948 τό·

295 4004 380 4064 orror
402 3979 513 4069 ψυχὴν
535 3989 600 4070 ἔχει
623 3979 686 4066 τὴν
710 3979 915 4072 συτέχοασαα
938 3983 1060 4052 αὐτόν·
1084 3987 1138 4052 roi
1160 3983 1249 4062 αὕτη
1269 3984 1379 4048 roiat-

295 4105 350 4148 ται
374 4079 491 4157 Ζεὺα.”

383 4185 503 4246 Revera
528 4200 627 4250 totum
651 4189 784 4251 Cornuti
807 4209 884 4268 opus
907 4189 985 4250 nihii
1009 4187 1096 4250 aliud
1118 4207 1183 4250 cere
1212 4198 1291 4266 puto
1316 4185 1379 4246 nini
