2984 4825
746 351 981 412 ..gge-

311 519 435 595 enimo,
466 529 563 580 etex
585 517 733 596 materie,
767 515 1044 596 inrumpere,
1078 517 1110 590 ἐξ
1141 509 1331 586 oleseidour
1351 515 1401 578 sel

306 618 437 686 dissoni.
488 617 588 680 Vides
619 618 716 698 igitur
745 619 793 680 Μ.
815 616 1028 694 Antoninum,
1060 625 1097 677 ut
1128 615 1209 676 ulios
1239 615 1401 695 principes

307 719 445 797 Stoicos,
465 721 657 802 Epictetum,
679 723 846 799 Seuerum,
868 721 1063 797 Cleanthem,
1082 737 1192 780 eorum
1213 717 1397 798 opinionem

306 824 486 902 amplexum
502 824 607 898 luisse,
628 825 694 906 qui,
714 835 750 888 ut
772 825 868 886 verbo
886 821 1047 884 Ciceronis
1059 819 1086 903 ι)
1107 839 1274 900 usurpem,
1297 841 1397 882 omnes

307 925 447 986 omniurn
468 925 609 988 virorum
630 927 805 1005 proborum
826 936 858 986 st
878 923 999 1004 puriter
1019 921 1210 1002 impiorum,
1234 921 1399 986 doctorun

307 1038 339 1088 et
362 1025 560 1090 indoctorum
590 1029 710 1090 enimus
738 1027 829 1110 qussi
861 1026 963 1106 espite
995 1023 1156 1088 demnstos
1190 1037 1304 1088 morte
1327 1030 1398 1088 mul·

308 1142 385 1192 tent.
439 1131 510 1210 lpse
532 1149 618 1192 suam
641 1131 826 1192 sententium
850 1129 893 1192 sic
915 1127 1028 1190 cler-ius
1049 1126 1219 1208 profitetur
1234 1127 1287 1211 ²)=
1327 1151 1398 1212 quu-

307 1231 424 1306 modo,
446 1232 569 1314 inquit,
601 1230 667 1306 dii,
699 1233 755 1314 qui
777 1231 907 1312 pulchre
930 1242 961 1290 et
985 1247 1055 1290 cuns
1076 1229 1231 1307 singulari
1256 1249 1336 1310 erge
1355 1253 1400 1310 ge·

308 1354 367 1394 nus
389 1335 560 1396 lrumenunr
581 1353 688 1396 sorore
709 1334 856 1395 universe
877 1331 1120 1412 disposuerunt,
1142 1331 1204 1392 boc
1224 1353 1332 1394 unum
1353 1355 1399 1396 ne·

308 1435 490 1511 glexerunt,
517 1437 632 1497 seilicet
653 1435 836 1516 providere,
867 1446 902 1496 ut
924 1433 1064 1496 homines
1089 1433 1165 1494 boni
1189 1433 1286 1515 iique
1306 1435 1399 1516 inpri-

308 1534 367 1595 mis
389 1534 445 1616 qui
466 1537 543 1598 boni
574 1538 707 1613 fuerint,
741 1537 993 1618 frequentissime
1015 1555 1082 1598 cum
1104 1535 1182 1615 ipsis
1212 1540 1398 1600 commercia

238 1689 244 1697 c
308 1635 485 1716 habuerint,
508 1639 632 1722 piisque
650 1641 798 1720 operibus
819 1651 850 1700 et
872 1639 966 1710 eserie
985 1637 1166 1700 ministeriis
1182 1659 1285 1720 quarn
1306 1643 1398 1702 mexi-

308 1759 390 1802 msrn
408 1760 476 1802 eum
500 1742 576 1822 ipsis
597 1741 811 1804 contraxerint
829 1740 1081 1818 lumilisritstenr,
1108 1740 1203 1802 etiem
1224 1755 1304 1822 post
1323 1764 1397 1805 mor·

308 1853 372 1903 tem
395 1844 585 1922 existerent,
618 1867 675 1907 nec
697 1845 825 1910 omnino
857 1842 1138 1921 exstinguerentur.
1181 1843 1256 1904 Hoc
1279 1848 1399 1907 verosi

309 1944 408 2005 sices
432 1947 544 2022 babet,
574 1966 634 2026 pro
657 1960 742 2009 certo
767 1958 889 2023 tenens,
919 1946 1013 2006 eliter
1034 1944 1171 2006 lecturos
1193 1947 1295 2010 fuisse
1316 1948 1400 2022 deus,

308 2044 337 2106 ei
359 2045 452 2107 eliter
471 2046 542 2108 fieri
564 2048 766 2129 oportuisset.
810 2047 935 2126 ldem⁵)
954 2049 1090 2128 probere
1112 2059 1256 2126 conetur,
1276 2051 1401 2112 animos

309 2165 372 2209 uon
394 2167 486 2229 posse
514 2169 639 2230 semper
660 2169 806 2226 orauere,
839 2148 924 2231 quod
946 2161 1020 2210 tunc
1043 2157 1098 2210 se'r
1115 2151 1155 2211 nb
1178 2163 1312 2213 neterno
1337 2173 1399 2214 ooo

308 2250 404 2329 mogie
427 2270 480 2313 eos
502 2273 614 2332 cepere
635 2251 788 2332 potuisset
811 2273 903 2333 quem
925 2264 1010 2315 terre
1035 2271 1143 2315 eorum
1167 2271 1325 2334 corpore,
1348 2257 1400 2336 qui

309 2364 358 2416 tot
378 2354 488 2417 sbbioc
509 2354 621 2417 seculis
642 2355 762 2416 humati
785 2367 867 2418 sunt.
910 2353 1027 2418 Eodem
1070 2367 1261 2435 argumento
1290 2355 1400 2419 sdver-

309 2475 361 2516 sus
382 2455 557 2518 animorum
579 2458 843 2521 immortalitatem
869 2459 968 2521 utitur
988 2458 1107 2521 Plinius
1129 2456 1239 2519 dicens
1256 2457 1306 2541 ⁴):
1331 2484 1399 2543 pose

309 2558 410 2619 deinde
428 2560 510 2621 redes
530 2572 669 2642 quurunce
690 2562 837 2623 muddudo
863 2572 903 2623 tot
934 2564 1031 2623 seculr's
1052 2567 1214 2623 wimarum
1244 2564 1323 2625 enirn
1341 2588 1399 2623 unr-

310 2664 436 2723 dromm.
481 2659 563 2738 Sed,
591 2661 696 2744 inquit
717 2659 800 2723 idem
822 2661 937 2723 ibidem
960 2663 1156 2737 Antoninus,
1192 2664 1399 2743 quemadmo-

310 2760 384 2823 dum
405 2780 556 2841 corpors,
576 2782 657 2844 quse
678 2784 747 2824 cum
779 2762 948 2845 aliquando
971 2762 1022 2823 hio
1038 2764 1071 2824 in
1093 2776 1177 2823 terra
1199 2761 1399 2835 duraverint,

310 2862 424 2921 deinde
446 2875 564 2923 mutate
585 2864 799 2946 dissolutaque
822 2867 955 2945 spatium
989 2865 1059 2928 eliis
1090 2867 1284 2946 corporibus
1315 2892 1400 2951 pree·

310 2963 404 3038 beot,
426 2961 470 3022 sic
492 2974 525 3023 et
543 2962 664 3023 enimse
684 2965 717 3024 iu
739 2972 812 3025 ee‘rs
844 2967 1027 3043 subversus,
1054 2981 1220 3049 postquem
1247 2972 1398 3052 aliquem·

309 3062 364 3125 din
386 3064 436 3125 bic
457 3076 689 3142 remanserunt,
712 3078 893 3143 mutentur,
916 3066 1161 3146 succenduntur,
1192 3083 1224 3129 et
1249 3070 1287 3132 in
1311 3076 1400 3134 serni·

310 3169 411 3229 nnlenr
433 3166 572 3228 universi
593 3167 745 3229 rationem
767 3182 911 3249 receptae
931 3170 1124 3253 refusaeque,
1147 3173 1207 3233 hoc
1229 3174 1337 3237 modo
1362 3179 1401 3237 lo·

310 3289 379 3331 cum
402 3268 478 3331 dsnt
498 3268 569 3330 eliis
590 3268 719 3331 snimis:
741 3274 773 3335 er*
793 3267 1010 3351 διαμένουσιν
1032 3276 1068 3339 ui
1088 3272 1194 3361 ψυχαί
1201 3322 1214 3349 ,
1238 3278 1320 3349 noir
1344 3273 1401 3344 ni-

309 3365 373 3442 rnie
393 3375 426 3447 ἐξ
445 3362 558 3441 ἀϊδίου
580 3382 676 3457 χωρεῖ
695 3367 714 3434 d
736 3364 820 3453 α’ἡρς
842 3372 912 3444 πῶς
933 3370 969 3438 δὲ
988 3365 1010 3455 ἦ
1030 3374 1074 3459 νῆ
1091 3386 1187 3461 χωρεῖ
1206 3370 1252 3440 sei
1277 3380 1353 3443 τῶν
1374 3384 1402 3443 ἐι

310 3464 474 3538 τοσούτου
493 3473 615 3544 αἰῶνος
636 3470 846 3553 θαπτόμενα
869 3470 934 3556 (vel
955 3472 1202 3557 θαπτομένων)
1234 3475 1404 3560 σώματος

309 3567 422 3657 sionsp
443 3568 510 3655 γάρ
543 3568 669 3639 ἐνθάδε
700 3566 874 3655 incusor
897 3570 981 3658 πρὸς
1016 3568 1138 3658 ἥντινα
1167 3574 1407 3662 dulcisonos-rh

309 3670 488 3758 μεταβολή
511 3676 565 3741 nol
589 3672 738 3748 διάλυσις
756 3672 865 3765 χώραν
886 3671 1000 3749 ἄλλοις
1021 3688 1146 3759 νεκροῖς
1167 3692 1272 3745 ποιεῖ·
1298 3678 1409 3753 οὕτως

311 3779 346 3841 αι’
370 3779 418 3848 sle
442 3771 523 3859 uis'pn
545 3773 800 3860 μοθιονοὶμεναι
834 3780 962 3865 ψυχαὶ,
993 3772 1180 3843 detinendo
1201 3784 1409 3865 οομμείνα-

310 3898 365 3940 ons
387 3871 640 3963 μεταβάλλουσι
663 3880 717 3945 ecl
745 3879 879 3963 χέονται
903 3878 957 3945 καὶ
989 3872 1191 3955 decimentur
1208 3926 1219 3956 ,
1259 3886 1315 3955 sir
1352 3880 1411 3949 ros

313 4019 398 4028 ι*-

381 4106 508 4174 1)Tuse.
527 4108 546 4174 l,
565 4114 608 4165 22.
776 4111 806 4177 l)
828 4111 955 4165 Antonin.
974 4110 1030 4178 ΧΙΙ,
1049 4117 1075 4167 5.

383 4194 413 4259 3)
433 4192 478 4261 lV,
498 4199 542 4249 ll.
772 4198 801 4267 4)
821 4196 884 4251 liist.
904 4210 956 4253 nst.
977 4201 1037 4267 Vll,
1055 4204 1089 4256 nl
1108 4200 1179 4270 (tt).
