2984 4825
667 313 951 355 -mt-

268 463 306 526 sd
329 463 432 527 Laert.
454 486 486 544 p.
503 466 584 539 204,
612 483 653 523 ex
675 463 812 525 eiusdem
833 458 1077 547 συγγράμματι
1097 460 1176 544 περὶ
1197 463 1264 529 τῶν
1285 464 1347 548 cip-

268 568 371 657 χαίων
395 561 601 649 φυσιολόγων
622 576 654 625 et
675 569 750 648 napi
772 560 965 649 δογμάτων,
984 562 1070 643 apud
1086 564 1210 645 llleuag.
1228 588 1261 647 p.
1273 571 1368 651 201,ἱ

268 690 308 731 ex
329 666 486 729 Aristonis
510 664 580 726 Chii
604 666 734 746 dialogis
762 669 928 751 περὶτῶν
951 660 1196 749 τοὺΖῆνωνος
1216 668 1346 755 δογμά-

266 796 351 846 των,
381 768 465 851 apud
491 770 594 832 laert.
622 791 652 850 p.
672 772 755 845 203,
784 790 825 831 ex
848 768 1079 849 Apollophanis
1106 782 1139 830 et
1160 771 1347 851 Apollodori

267 876 402 959 φυσικῇ,
423 871 507 953 apud
523 872 629 933 Laert.
645 896 676 953 p.
689 876 763 950 197,
785 894 803 933 e
821 870 981 934 Posidonii
1004 872 1129 957 prorupi
1146 867 1243 959 λόγῳ,
1262 874 1347 955 apud

266 976 370 1037 [hert.
392 1000 422 1057 p.
449 976 521 1038 196.
545 976 623 1053 tot,
652 994 672 1035 e
700 974 825 1037 Boetho
856 976 931 1060 napi
962 973 1109 1058 φύσεως,
1137 972 1221 1053 opud
1241 975 1345 1039 Laert.

266 1102 298 1160 p.
313 1083 386 1157 199,
407 1101 424 1139 c
441 1076 611 1154 Posidonii,
633 1078 796 1141 Cleanthis
815 1092 848 1141 et
868 1079 1028 1160 Antipatri
1048 1078 1139 1158 Tyrii
1158 1079 1247 1139 libris
1269 1080 1345 1163 περὶ

267 1173 395 1264 κόσμου
419 1179 502 1261 apud
525 1180 630 1241 Laert.
652 1202 683 1261 p.
706 1183 768 1243 197
791 1195 821 1243 et
846 1187 925 1260 tes,
953 1202 971 1242 e
991 1179 1160 1243 Posidonio
1181 1182 1259 1262 scopi
1282 1207 1346 1264 με·

266 1278 412 1365 τεώρων,
435 1304 486 1364 ap.
507 1282 614 1344 Laert.
636 1304 668 1363 p.
686 1286 769 1362 196,
787 1303 828 1347 ex
850 1283 1044 1346 Archedemo
1065 1283 1142 1367 scapi
1165 1283 1345 1367 (πτωχείαν,

267 1384 349 1466 epod
372 1386 476 1449 Laert.
497 1408 528 1465 p.
547 1390 618 1463 196,
641 1399 698 1447 ete.

352 1486 444 1563 Quod
472 1502 591 1569 spectat
612 1490 650 1551 ad
676 1502 797 1571 partem
825 1491 1055 1568 grammaticam
1078 1501 1108 1550 et
1130 1488 1171 1549 ed
1192 1488 1345 1567 etymolo-

265 1592 348 1669 giae,
378 1592 493 1673 quibus
513 1604 607 1653 scatet
633 1592 767 1655 Cornuti
788 1593 931 1669 libellus,
959 1604 995 1653 ut
1016 1604 1049 1653 et
1068 1592 1203 1652 aliorum
1224 1590 1345 1651 Stoico·

264 1712 333 1753 rum
357 1712 469 1774 opera,
493 1715 530 1756 ee
550 1696 682 1775 sumpsit
705 1716 722 1755 e
744 1696 826 1759 libro
847 1696 985 1757 Zenome
1006 1695 1081 1778 accpi
1104 1694 1239 1772 λέξεων,
1258 1692 1344 1774 opud

160 1878 163 1884 ¹
262 1795 368 1857 laert.
392 1818 425 1877 p.
444 1799 525 1875 too,
558 1799 679 1859 etibro
702 1796 875 1880 Chrysippi
902 1799 979 1881 περὶ
1002 1800 1067 1865 coci
1088 1797 1206 1877 κυρίως
1226 1798 1343 1883 sexai-

264 1905 350 1963 σθω
373 1897 518 1984 Ζήνωνα
542 1914 609 1974 eote
630 1893 810 1985 ὀνόμασιν,
831 1899 915 1980 apud
931 1904 1056 1978 Menag.
1074 1922 1106 1979 p.
1122 1902 1195 1961 2⁰4.
1238 1899 1344 1959 Euius·

265 2020 340 2062 vero
367 2003 594 2082 proprietatem
624 2004 792 2065 verborum
821 2003 955 2065 maxime
984 2003 1165 2081 spectabant
1191 2000 1290 2062 Stoici
1312 2012 1343 2061 et

263 2120 345 2167 nova
370 2106 622 2185 excogitaverant
646 2107 742 2168 verba
757 2106 802 2191 *),
834 2102 918 2167 unde
940 2104 1050 2167 Cicero
1071 2106 1162 2166 Tuec.
1183 2106 1215 2165 V
1239 2105 1343 2164 Zeno·

266 2250 325 2258 ..ι-«-

334 2319 359 2387 ’)
377 2320 471 2387 [Ferax
490 2324 603 2377 omnino
622 2324 771 2377 verborum
786 2322 826 2376 vel
845 2340 940 2375 reeens
961 2319 1085 2377 fictorum
1102 2320 1149 2384 pret
1163 2338 1238 2386 ⁶uoco
1256 2330 1282 2373 et
1298 2321 1343 2372 in-

262 2405 357 2464 solenti
369 2425 426 2461 usu
451 2408 585 2466 dictorum
609 2411 700 2467 Stoice
724 2424 810 2478 aecta,
837 2431 893 2466 uon
911 2411 995 2469 modo
1012 2410 1106 2466 ultum
1124 2428 1193 2480 quae
1212 2406 1244 2460 sd
1262 2405 1343 2460 disci·

262 2494 351 2566 plinae
375 2491 472 2566 placite
496 2511 568 2553 recte
593 2501 800 2563 demonstranda
826 2502 1008 2574 fingerentur,
1036 2500 1083 2554 sed
1108 2499 1189 2552 etiam
1214 2514 1283 2568 quse
1306 2494 1341 2548 ad

262 2582 397 2654 vulgarem
421 2584 528 2641 dicendi
552 2590 776 2644 consuetudinem
801 2591 982 2662 pertinerent,
1010 2607 1072 2641 nam
1097 2586 1130 2639 sd
1156 2585 1210 2638 hoc
1233 2602 1341 2653 quoque

262 2691 347 2743 genus
365 2671 540 2726 excolendum
559 2676 593 2728 ab
613 2675 697 2728 altero
715 2676 777 2743 itto,
804 2696 832 2729 ex
859 2696 914 2750 quo
937 2672 1018 2728 semel
1038 2673 1101 2728 huie
1117 2671 1202 2726 labori
1221 2690 1276 2722 sese
1294 2670 1342 2723 de-

263 2761 371 2825 derant,
396 2759 480 2813 iscilis
499 2761 548 2814 suit
568 2781 729 2834 progressus.
765 2761 855 2831 Quam
875 2761 1028 2816 Stoicorum
1048 2759 1166 2813 indolem
1185 2769 1291 2830 praeter
1308 2755 1343 2809 ii·

262 2846 362 2899 bellum
383 2845 415 2899 de
433 2847 551 2915 mundo,
576 2849 671 2902 sinon
691 2847 859 2922 Chrysippo,
886 2848 978 2905 Stoico
997 2860 1069 2902 certe
1086 2847 1288 2913 vindicandum,
1308 2846 1341 2899 de

263 2953 317 3005 quo
337 2933 386 2990 hac
405 2936 511 2990 ratione
527 2936 637 2990 disserui
656 2936 738 2989 Beitr.
761 2958 782 2989 c.
805 2937 868 2991 Litt.
893 2935 924 2988 Τ.
942 2935 962 2988 l.
987 2955 1014 3007 p.
1033 2939 1087 2990 234
1103 2953 1174 3006 serp,
1202 2934 1343 3006 inprimis

262 3021 344 3074 refert
363 3031 388 3075 et
406 3023 497 3093 prodit
512 3021 625 3077 Cornuti
646 3022 821 3095 operculum,
849 3035 965 3094 utroque
983 3023 1125 3078 verborum
1144 3041 1274 3076 uovorum
1293 3032 1353 3093 μέ

263 3127 325 3172 pere
344 3109 555 3165 refertissimum.
590 3113 633 3166 Ad
652 3113 724 3166 illam
744 3113 864 3179 classem,
883 3131 953 3184 quae
971 3111 1004 3164 ad
1022 3111 1104 3182 ipsius
1117 3112 1222 3166 Stoicae
1239 3111 1341 3166 doctri·
1377 3129 1382 3139 ·

260 3216 311 3250 nae
328 3199 519 3268 expositionem
538 3213 648 3274 spectat,
666 3201 694 3254 iu
714 3221 768 3274 qua
785 3200 942 3272 explicanda
958 3199 1120 3253 Villoisonus
1136 3211 1192 3252 tum
1210 3199 1237 3250 in
1249 3198 1342 3252 Theo·

261 3287 330 3356 logia
351 3285 475 3358 physica,
502 3300 558 3342 tum
578 3291 606 3342 in
626 3287 909 3342 Animadversionibus
927 3284 1072 3353 allaborat,
1097 3305 1125 3338 es
1144 3283 1281 3351 Cornuto,
1307 3285 1340 3338 de

262 3393 315 3446 quo
334 3373 378 3427 hic
397 3375 473 3427 uobis
490 3375 547 3428 solo
565 3395 653 3428 sermo
673 3387 724 3441 est,
751 3374 923 3428 referendum
942 3385 981 3426 est
1005 3395 1027 3425 v.
1046 3394 1069 3428 c.
1086 3376 1167 3435 poete
1191 3392 1217 3428 c.
1233 3375 1283 3438 28,
1312 3372 1340 3424 iu

262 3481 317 3533 quo
338 3473 474 3533 praeterea
494 3470 652 3526 θεσμοθὲτις
678 3477 703 3519 et
726 3469 867 3529 sepedicto
891 3462 1070 3534 reperiuntur.
1106 3462 1184 3516 Adde
1201 3466 1340 3528 damonu-

262 3557 320 3602 θεῖν
340 3569 364 3620 p.
377 3553 445 3618 21⁹3
463 3555 615 3620 isdouirrsu,
634 3575 658 3609 c.
671 3558 714 3608 1⁴.
734 3574 760 3626 p.
771 3557 834 3622 158,
853 3553 900 3606 uhi
912 3552 983 3614 videt
1003 3559 1149 3621 παραίτιος,
1168 3567 1235 3622 quae
1249 3546 1340 3619 Chry·

260 3640 351 3712 sippea
371 3657 418 3691 vox
438 3639 554 3710 ridetur,
579 3663 600 3696 c.
620 3645 663 3696 22.
682 3661 707 3712 p.
724 3645 792 3706 1⁹2,
817 3640 863 3692 uhi
881 3638 947 3692 eide.
989 3634 1137 3706 Ἀλήκτυς,
1162 3635 1341 3709 etymologine

262 3747 351 3782 caussa
369 3727 518 3795 inventum,
537 3749 561 3784 c.
572 3733 614 3784 19.
635 3751 661 3801 ρ.
676 3732 739 3794 153,
754 3747 811 3794 ‚una
830 3747 892 3780 cum
911 3723 1060 3792 «inarime,
1078 3728 1150 3800 quod
1168 3726 1240 3780 illius
1255 3726 1341 3778 inter-

263 3815 384 3885 pretandi
403 3817 486 3886 gratia
507 3818 636 3872 continuo
654 3816 794 3881 adiicitur3
806 3815 844 3891 *de
863 3834 918 3886 quo
938 3835 959 3866 a.
977 3813 1059 3867 lieitr.
1072 3814 1088 3866 Ι.
1101 3834 1125 3868 c.
1144 3834 1171 3886 p.
1185 3817 1246 3868 235.
1283 3813 1341 3864 Vo-

263 3903 358 3958 cabulo
377 3901 518 3967 duaioruc
535 3919 670 3980 praeterea
689 3927 753 3960 usus
771 3918 809 3960 est
828 3905 983 3976 Simplicior
1001 3905 1036 3958 ad
1048 3901 1218 3956 Aristotelem
1235 3902 1263 3954 in
1276 3898 1342 3951 Phi-

262 3989 385 4063 lologicsl
403 3991 527 4047 Museum
546 3995 579 4048 T.
599 3995 628 4046 ll.
647 4013 673 4065 p.
692 3996 753 4048 Sil.
795 3991 890 4046 Simile
907 3990 1126 4062 ἀπαραλλάκτως,
1142 3989 1276 4053 Nemesin,
1293 3987 1341 4040 uhi

260 4077 416 4134 Stoicorum
430 4083 564 4153 quandam
583 4082 740 4136 sententiam
760 4083 850 4148 refert,
868 4089 1035 4152 usurpatum,
1053 4079 1086 4132 de
1100 4089 1153 4131 unt
1164 4079 1234 4130 hom.
1246 4079 1343 4147 pilo.

263 4171 328 4221 stt:
348 4188 403 4240 quo
422 4169 551 4224 vocabulo
570 4169 656 4222 adhuc
674 4169 767 4223 Lerina
785 4180 875 4223 nostre
896 4179 996 4221 carent.
1031 4166 1119 4220 Norae
1139 4175 1274 4237 praeterea
1293 4183 1342 4216 ro-
