2984 4825
731 341 774 352 -
820 307 969 366 524-

395 477 502 540 Solem
523 485 643 551 eutem,
672 484 762 535 utet
785 470 889 534 omniu
911 469 1031 548 sideru,
1059 487 1126 532 esse
1149 465 1278 546 igneum
1302 479 1398 550 atque

310 579 516 657 animantem,
545 589 640 659 utque
661 587 832 657 propterea
853 572 1076 636 nobilissimam
1098 573 1253 650 aetheris,
1283 569 1321 633 id
1343 585 1400 648 est,

311 684 373 761 dei,
401 683 572 745 deificatam
595 691 727 760 portem,
750 677 794 740 sio
815 678 929 758 probet
950 675 1067 736 Bulbus
1089 673 1213 738 Stoicus
1237 673 1328 756 opud
1347 675 1399 736 Ci-

311 806 455 849 eerunem
473 784 518 868 ¹),
543 780 736 864 respondens
757 779 900 858 Velleio,
922 779 977 861 qui
991 777 1021 863 ²)
1042 779 1205 840 Zenonem
1229 792 1262 842 et
1286 779 1395 840 Clean·

309 891 393 953 tbem
416 889 626 970 vituperabat,
648 883 733 968 quod
757 896 822 944 tum
846 883 951 962 ipsum
969 879 1120 944 mumdum
1143 881 1238 946 deum
1261 901 1333 944 esse
1353 881 1392 942 di-

311 1007 434 1073 serent,
463 1007 531 1056 tum
554 990 751 1054 divinitatem
773 987 948 1050 tribuerent
969 983 1078 1064 nstris,
1103 985 1198 1048 immo
1222 986 1324 1048 etiam
1345 1007 1393 1046 en·

309 1099 376 1176 nis,
398 1097 573 1171 mensibus,
594 1111 810 1173 annorumque
834 1087 1076 1165 mutationibus,
1097 1087 1276 1152 sideribus:
1300 1093 1392 1151 endan

310 1226 348 1266 ae
370 1205 474 1264 mundo
496 1203 639 1270 dimota„
670 1218 763 1279 quae,
788 1193 908 1274 inq'uit,
929 1215 966 1254 ex
988 1193 1164 1256 mobilissimo
1178 1189 1208 1276 ⁵)
1228 1199 1393 1266 pur-issimu-

311 1329 365 1392 que
386 1308 506 1367 astiteris
524 1316 609 1386 porte
627 1307 794 1378 giguurrtur,
814 1319 903 1380 neque
926 1297 984 1356 ulla
1002 1307 1153 1377 prodereo
1174 1309 1240 1358 nard
1264 1299 1394 1358 Mmbto

311 1421 429 1484 notura,
448 1420 564 1488 tutoque
580 1417 645 1465 sum
664 1404 762 1463 calida
783 1414 869 1484 uterus
887 1401 1050 1482 perlucido‚·
1072 1413 1103 1462 ut
1118 1419 1153 1460 ea
1170 1421 1290 1482 quoque
1304 1407 1393 1460 reetri-

311 1533 379 1572 srme
398 1523 425 1570 et
446 1512 604 1570 animarum
624 1526 683 1566 esse
703 1517 730 1566 et
746 1504 852 1581 {seruire
871 1513 958 1584 alque
979 1503 1125 1579 inlelligere
1151 1503 1303 1564 dicantur.
1347 1506 1393 1564 At·

312 1635 367 1698 que
385 1633 422 1674 eu
443 1612 556 1695 quitiem
574 1620 635 1671 tota
655 1627 714 1669 esse
733 1612 833 1683 igneo,
862 1607 982 1666 duorum
1004 1625 1132 1668 sensuram
1152 1610 1314 1668 testimonio
1332 1629 1391 1667 cun·

301 1717 428 1799 firmari
447 1715 593 1776 Cleanthes
611 1721 711 1791 putat,
740 1719 835 1770 tuctus
854 1721 881 1769 et
900 1709 1054 1770 oculorum.
1097 1711 1176 1772 Nom
1197 1711 1270 1770 eolis
1292 1713 1391 1771 cndu

310 1823 442 1881 illustrior
463 1829 519 1891 est,
546 1837 632 1898 quum
654 1815 726 1873 ullus
747 1817 834 1889 igm's,
864 1817 963 1894 quippe
985 1817 1035 1894 qui
1052 1817 1183 1874 immenso
1205 1816 1320 1874 mundo
1341 1829 1395 1875 tun

311 1925 390 1998 louge
411 1923 522 2000 lateque
542 1917 694 1976 colluceat:
723 1927 749 1976 et
777 1919 801 1974 is
826 1917 884 1974 eius
908 1925 1002 1976 tactus
1024 1927 1082 1990 est,
1110 1937 1164 1976 uon
1186 1928 1218 1977 ul
1243 1919 1395 1998 tepesun'd

311 2027 410 2097 sulum,
435 2021 487 2081 sed
509 2024 594 2079 eliam
614 2039 700 2098 saepe
720 2017 887 2078 eornburol:
916 2039 1034 2099 quorum
1055 2029 1183 2080 murrum
1199 2019 1334 2099 faceret,
1355 2030 1397 2082 ru'si

311 2139 380 2189 esset
398 2131 503 2202 igneus.
552 2121 645 2182 Heme
666 2132 771 2181 sutem
793 2119 868 2181 solis
894 2119 996 2198 ignom
1019 2137 1083 2180 nun
1109 2117 1138 2180 ei
1160 2121 1304 2184 similem
1328 2147 1396 2196 esse,

312 2249 406 2312 quem
427 2223 610 2287 adhibemus
631 2222 670 2285 sd
692 2243 784 2284 usuur
806 2234 900 2303 utque
920 2223 1046 2300 victum,
1069 2222 1122 2285 sed
1145 2224 1184 2300 ei,
1204 2226 1267 2307 qui
1289 2247 1397 2308 corpo·

310 2332 399 2392 ribus
420 2327 624 2390 animantium
648 2327 845 2402 continetur,
869 2345 904 2386 nc
925 2323 1058 2407 proinde
1080 2326 1308 2408 artificiosum,
1334 2355 1397 2393 cun

310 2432 343 2495 id
366 2434 489 2509 efficiat,
512 2444 546 2493 ut
571 2432 677 2491 omnis
697 2430 841 2507 floreant,
863 2442 895 2493 et
914 2432 947 2491 in
971 2452 1029 2495 suo
1050 2452 1177 2515 quoque
1199 2454 1324 2511 genere
1345 2457 1398 2516 pu·

311 2538 453 2612 bescuut,
473 2532 563 2595 docet
584 2532 668 2615 opud
690 2532 829 2595 Tullium
842 2530 870 2617 4)
891 2532 1025 2595 Balbus:
1049 2538 1161 2619 Quare,
1187 2538 1316 2620 inquit,
1335 2564 1396 2601 cum

309 2643 373 2701 solis
401 2643 471 2716 iguis
497 2640 592 2698 similis
611 2660 708 2699 eorum
730 2642 834 2715 ignium
857 2643 910 2714 sil,
941 2646 991 2721 qui
1012 2652 1074 2701 sunt
1092 2647 1122 2700 in
1142 2646 1321 2723 corporibus
1341 2652 1399 2705 oni·

310 2747 464 2814 montium,
491 2743 575 2800 solem
597 2762 707 2824 quoque
726 2746 896 2802 ortimanlem
920 2762 979 2803 erse
997 2756 1121 2823 opor-tet,
1147 2748 1320 2827 etquidem
1342 2751 1400 2809 reli·
1431 2816 1432 2819 Ἴ

312 2864 371 2924 quo
393 2854 491 2916 nstra,
512 2864 587 2922 quoe
605 2849 734 2903 oriantur
755 2850 782 2903 in
804 2846 910 2905 ardore
931 2846 1054 2921 coelesti,
1080 2852 1131 2929 qui
1148 2849 1251 2909 oetlrer
1272 2854 1323 2911 oel
1342 2874 1399 2912 coe·

310 2946 367 3005 lum
385 2947 555 3005 sortiumur.
595 2940 690 3022 Apud
705 2942 873 3005 Stobueum
888 2942 916 3027 ⁵)
937 2944 1026 3006 Zeno
1048 2944 1133 3022 dicit,
1154 2948 1265 3026 solem,
1294 2952 1398 3012 lunen

312 3055 344 3108 et
363 3055 500 3105 meteres
517 3044 622 3106 stelles
639 3064 706 3107 esse
724 3044 943 3125 intelligentes,
967 3048 1146 3129 sentientes,
1168 3052 1295 3131 igneas,
1314 3068 1401 3115 etex

310 3188 596 3201 μ*

381 3277 413 3347 1)
429 3278 472 3332 De
493 3278 525 3332 N.
545 3280 580 3334 l).
597 3280 630 3349 ll,
650 3285 693 3337 15.
867 3284 897 3353 2)
916 3284 981 3337 lbid.
999 3286 1018 3351 l,
1040 3288 1082 3340 ld.

379 3367 411 3435 3)
430 3366 481 3420 ΑΙὶἰ
507 3388 557 3440 pro
581 3370 752 3422 mobilissima
776 3369 870 3441 legunt
893 3370 1070 3431 nobilissima,
1098 3373 1143 3426 sed
1168 3374 1253 3430 mule:
1290 3398 1359 3433 rrum
1381 3391 1401 3431 et

309 3454 405 3509 eodem
426 3456 512 3527 capite
531 3455 608 3510 dixit:
634 3458 723 3509 sidera
747 3460 902 3511 aethereum
926 3460 1012 3512 locum
1036 3452 1174 3514 obtinent:
1198 3466 1248 3535 qui
1272 3470 1404 3537 quereiam

309 3543 483 3596 tenuissimus
500 3553 556 3603 est,
574 3554 602 3597 et
618 3564 719 3616 semper
737 3550 864 3619 agitatur
881 3557 908 3599 et
927 3548 1016 3619 viget,
1038 3561 1217 3617 necessust,
1242 3556 1329 3625 quod
1348 3574 1405 3606 nm-

308 3630 365 3683 mel
381 3630 411 3683 in
427 3647 457 3682 so
473 3631 616 3702 gignatur,
636 3635 667 3685 id
682 3646 710 3688 et
727 3654 807 3689 nuru
826 3634 954 3689 acerrimo
971 3647 999 3689 et
1014 3636 1162 3691 mobilitate
1176 3640 1328 3695 celerrima
1343 3662 1407 3695 esse.

308 3718 344 3774 Et
360 3719 432 3773 inire
451 3718 565 3773 ibidem:
592 3722 735 3783 mundum,
763 3724 811 3795 qui
830 3724 950 3795 integro,
973 3736 1001 3777 et
1016 3744 1087 3795 puro
1105 3736 1133 3779 et
1152 3726 1235 3783 libero
1254 3732 1409 3803 &demque

308 3807 435 3860 oesrrimo
453 3818 480 3858 et
499 3808 669 3866 mobilissimo
685 3812 782 3865 ardore
801 3821 935 3865 teneatur.
972 3811 1076 3885 [Neque
1091 3812 1164 3867 sttud
1179 3832 1260 3873 nunc
1276 3819 1410 3891 vulgetur

309 3911 390 3962 quam
408 3894 599 3965 mobilissimo]

353 3979 686 4052 ,ommomm

380 4067 411 4137 5)
427 4068 486 4124 Est,
505 4071 579 4143 phys.
596 4092 623 4144 p.
640 4078 685 4129 bl.
708 4074 752 4142 [T.
768 4074 801 4129 ll.
820 4094 846 4147 p.
865 4078 926 4143 538,
951 4076 997 4129 ubi
1017 4076 1134 4131 nuncid
1154 4076 1260 4151 legitur
1282 4103 1316 4137 er
1340 4086 1411 4139 liee-

310 4152 378 4203 renii
396 4156 559 4225 coniectura,
580 4161 652 4229 quod
672 4161 836 4215 Villoisuuus
855 4162 1054 4219 rescribendum
1075 4168 1184 4233 censet]
