2984 4825
263 450 356 515 niodo
375 450 540 531 sliegoriss
557 450 738 513 Homericos
753 450 988 531 interpretetus.
1029 447 1143 511 Hemit
1158 460 1190 510 st
1208 470 1250 513 ex
1265 452 1349 517 eius-

263 554 334 617 dem
356 554 496 617 Zenonis
517 553 703 633 theogoniae
725 552 1001 633 interpretatione,
1021 551 1109 613 estius
1129 554 1272 616 meminit
1293 556 1347 617 Ci-

263 676 335 720 cero
357 656 395 719 de
412 657 453 719 N.
470 658 510 718 D.
526 660 548 735 1,
564 661 607 719 14
617 655 659 740 *),
680 656 831 737 cuiusque
854 654 938 717 idem
956 653 1156 734 propositum
1176 665 1254 732 eret,
1275 678 1345 719 cum

262 760 295 821 in
311 777 359 837 oo,
381 770 461 821 teste
482 757 597 820 ibidem
616 759 742 822 Velleio
764 756 848 839 opud
864 756 1055 832 Ciceronem,
1075 758 1203 819 tolleret
1217 760 1348 823 omnino

260 862 371 925 insitos
395 873 640 944 praeceptorque
667 862 860 941 cognitiones
887 858 1035 937 deorum3
1064 858 1098 919 in
1119 863 1276 943 quocum
1297 883 1347 924 se-

263 977 353 1027 cutus
376 976 423 1027 est
441 964 610 1027 Cornutus.
653 964 740 1026 Usus
761 974 811 1025 est
830 975 861 1025 et
881 961 968 1023 illius
987 960 1078 1022 libris
1095 963 1169 1047 περὶ
1188 959 1346 1045 τῆςἙλ·

262 1068 399 1151 inercie
428 1065 587 1141 παιδείας
618 1063 702 1145 opud
732 1066 838 1128 hert.
868 1086 902 1147 p.
925 1066 1000 1128 165.
1042 1062 1178 1126 Proiecit
1207 1086 1225 1127 e
1254 1067 1345 1128 libris

263 1167 425 1231 Cleanthis
447 1167 524 1250 uspi
546 1166 717 1252 deoiW),
746 1168 823 1251 scopi
845 1163 1033 1252 perdum,
1061 1166 1137 1248 περὶ
1159 1167 1222 1232 τοῦ
1244 1192 1347 1252 ποιη-

261 1271 325 1337 τοῦ
352 1283 384 1332 et
412 1262 497 1353 πρός
517 1264 759 1359 Ἀρίσταρχον,
790 1270 824 1331 in
845 1271 960 1352 quibus
981 1268 1145 1348 allegorias
1165 1268 1345 1331 Homericos

263 1383 452 1452 exposuerat
473 1368 520 1453 (u.
541 1371 647 1433 Lnert.
667 1394 701 1453 p.
721 1372 816 1451 206),
848 1394 889 1435 ex
911 1369 1051 1436 eiusdem
1073 1362 1291 1457 ἆρχαιολογίᾳ
1310 1383 1345 1432 et

262 1474 353 1536 libris
376 1474 432 1556 qui
453 1471 638 1536 dicebantur
666 1470 708 1541 rui
737 1471 896 1557 gavarred,
928 1494 1063 1556 quorum
1083 1473 1225 1534 meminit
1246 1472 1345 1534 Athe·

262 1598 359 1639 ueeus
374 1577 458 1655 Xlil,
480 1580 538 1637 142
560 1597 640 1659 quoe
663 1576 795 1639 iortssse
817 1593 881 1638 non
903 1573 1028 1637 diverse
1049 1594 1116 1636 esse
1137 1596 1156 1635 s
1175 1574 1265 1636 libris
1283 1569 1344 1658 ‹ip-

262 1680 457 1769 χαιολογιάς
474 1680 603 1742 Laertio
622 1679 803 1742 memoretis
818 1678 994 1758 suspicetur
1008 1678 1171 1757 Menegius
1185 1676 1225 1740 sd
1239 1678 1345 1739 Luert.

261 1784 379 1861 p.198
402 1795 433 1845 et
459 1804 539 1865 quse
563 1783 692 1864 respicit
714 1782 873 1843 Cornutus
895 1801 921 1841 c.
939 1782 999 1857 31,
1028 1791 1107 1841 teste
1128 1781 1271 1843 Fabricio
1291 1780 1344 1857 lll,

264 1885 318 1945 15.
337 1884 373 1947 T.
387 1886 423 1945 11.
445 1906 478 1965 p.
489 1888 570 1962 3963
593 1886 650 1967 qui
668 1884 785 1947 ibidem
808 1882 894 1959 dicit,
915 1881 1098 1944 Cleanthem
1119 1884 1153 1945 io
1173 1885 1234 1945 boc
1248 1903 1345 1963 opero

263 1983 367 2047 videri
389 1988 671 2051 commentitiorum
699 1988 875 2049 inbulnrum
902 1984 1035 2047 reddere
1061 1986 1228 2064 cntionem,
1258 1984 1345 2066 quod

262 2087 371 2149 secisse
392 2090 573 2167 Zenonem,
604 2089 789 2151 Cleanthem
815 2110 851 2151 oc
873 2086 1088 2169 Chrysippum
1113 2088 1208 2151 tradit
1233 2087 1345 2149 Cicero

263 2186 302 2251 de
324 2189 366 2252 N.
388 2192 431 2253 D.
452 2192 506 2269 111,
526 2197 569 2254 24
591 2214 627 2253 sc
650 2193 751 2254 secere
773 2191 949 2254 Cornutum
970 2190 1079 2253 ridere
1100 2204 1151 2253 est.
1194 2186 1281 2263 Qune
1302 2186 1343 2249 de

261 2292 336 2354 love
359 2306 391 2354 et
408 2295 527 2356 lunone
549 2293 630 2357 dixit
647 2295 816 2372 Cornutus,
838 2316 873 2355 en
891 2292 1007 2373 purtim
1024 2291 1195 2373 desumpsit
1209 2310 1227 2353 e
1242 2289 1345 2371 Chry·

262 2394 347 2475 tippi
369 2397 445 2476 περὶ
468 2398 533 2464 τοῦ
550 2392 627 2470 Διὸς
649 2395 892 2481 συγγράμματι
915 2407 947 2457 et
970 2397 1046 2479 saepi
1062 2392 1188 2476 Ἤρας,
1208 2411 1343 2475 qnorum

264 2495 407 2557 meminit
430 2495 595 2576 Mensgius
618 2497 657 2560 nd
679 2499 784 2560 Lnert.
804 2521 837 2579 p.
859 2501 923 2560 2113
944 2499 1028 2579 [vti
1050 2501 1124 2560 202.
1146 2520 1178 2578 p.
1198 2499 1271 2560 345.
1285 2497 1344 2579 b.].

265 2594 354 2672 Quae
377 2594 416 2658 dc
437 2599 599 2676 Minerva,
621 2620 657 2660 ea
680 2611 840 2662 mutuatus
861 2612 907 2661 est
932 2621 949 2661 e
970 2601 1054 2662 libro
1075 2600 1222 2678 Diogenis
1243 2599 1345 2679 Bsby-

263 2699 343 2760 lonii
365 2698 472 2777 Stoici,
493 2701 560 2784 qui,
580 2713 661 2763 teste
680 2700 831 2764 Cicerone
853 2700 893 2763 de
913 2702 955 2763 N.
977 2703 1020 2766 D.
1039 2704 1135 2780 11,15
1155 2701 1344 2764 inscribeba-

264 2813 318 2862 tur
338 2799 377 2862 de
398 2802 554 2880 Minerua,
576 2816 607 2865 et
629 2804 662 2864 in
685 2823 749 2886 quo
769 2816 895 2884 portum
917 2807 1001 2869 loris
1023 2818 1189 2887 ortumque
1205 2803 1344 2882 Virginis

266 2903 306 2966 od
329 2905 556 2987 physiologiam
578 2903 761 2980 traducens,
791 2906 901 2970 eodem
925 2928 1055 2988 prorsus
1074 2906 1167 2970 modo
1190 2905 1344 2984 disiunge·

265 3009 319 3068 bnt
341 3028 359 3066 s
379 3007 486 3068 fabulo
508 3027 572 3090 quo
593 3021 703 3089 postea
720 3009 879 3073 Cornutus
891 3010 960 3094 111).
1003 3008 1096 3074 Unde
1114 3008 1269 3071 Minucios
1285 3008 1345 3070 Fe·

264 3111 310 3170 lix
338 3131 371 3192 p.
392 3114 436 3171 20
465 3109 570 3192 [Χ1Χ,
594 3114 645 3172 13.
670 3131 702 3192 p.
725 3114 789 3173 124
812 3109 863 3173 ed.
883 3111 991 3194 Lind]
1017 3112 1049 3173 in
1074 3113 1134 3173 boc
1153 3123 1190 3172 ut
1216 3110 1248 3170 io
1273 3109 1344 3171 eliis

263 3215 343 3275 bene
374 3215 481 3277 multis
504 3213 687 3276 Ciceronem
718 3215 762 3275 sic
792 3216 963 3295 expressit:
995 3218 1149 3299 Babylonio
1168 3222 1252 3278 mom
1272 3217 1344 3278 Dio·

262 3322 328 3393 geni
348 3318 496 3399 disciplina
518 3332 558 3379 est
576 3319 732 3398 reponendi
752 3331 779 3379 et
798 3321 960 3396 disserendi,
980 3322 1054 3380 Iocis
1069 3333 1185 3401 portum
1205 3331 1232 3380 a
1250 3330 1344 3378 ortum

264 3421 408 3477 Minervae
431 3431 458 3478 et
479 3421 531 3478 boc
552 3442 640 3495 genus
664 3433 759 3480 cetero
780 3443 875 3483 rerum
896 3425 1033 3485 vocabulo
1055 3446 1122 3500 esse,
1143 3423 1343 3484 sardeorum.

337 3617 363 3685 ’)
381 3615 450 3686 [Suo
476 3616 669 3687 interpretandi
695 3618 777 3672 modo
801 3621 939 3676 Zenonem
963 3625 1071 3679 Hesiodi
1097 3626 1176 3679 etiam
1200 3624 1292 3695 Opera
1317 3634 1344 3676 ct

265 3707 330 3759 Dies
348 3716 469 3772 tentasse,
488 3725 518 3758 ss
536 3723 593 3758 uno
612 3715 682 3758 certe
701 3724 777 3759 versu
793 3711 844 3762 291
863 3723 944 3781 patet,
963 3724 1027 3767 teste
1045 3714 1082 3766 ibi
1101 3713 1206 3778 Procio,
1226 3712 1271 3764 ubi
1286 3710 1344 3763 side

266 3812 335 3863 quse
352 3795 474 3848 Heinsius
491 3793 597 3862 attulit]

326 3877 364 3944 '')
381 3879 434 3944 [De
452 3880 505 3934 hoc
522 3882 591 3936 libro
609 3881 688 3952 Diog.
706 3881 792 3936 Laeti.
812 3883 868 3949 Vll,
883 3887 944 3940 tu.
980 3886 1024 3940 (X.
1042 3885 1098 3940 Cic.
1119 3889 1151 3939 de
1169 3888 1201 3940 N.
1214 3886 1249 3938 D.
1267 3885 1335 3948 1,14

266 3962 460 4017 Picumnus
484 3985 620 4021 commun.
645 3959 745 4024 notitiis
772 3991 799 4042 p.
818 3975 897 4028 11115.
930 3975 1051 4032 Chalcis
1077 3977 1104 4029 in
1130 3975 1270 4028 Timaeum
1295 3971 1343 4025 soi.

268 4049 384 4103 XXXIX.
403 4069 427 4102 s.
446 4052 486 4104 ed.
506 4055 612 4107 Arcens.
630 4056 785 4113 Macrobius
804 4063 920 4134 passim]

315 4137 365 4206 ···)
385 4139 429 4204 [V.
448 4149 537 4194 notate
556 4142 589 4194 ad
608 4141 691 4198 Corn.
709 4167 732 4200 c·
750 4151 807 4217 Ν]
