2984 4825
723 277 962 341 -tts-

307 448 430 527 legatur
451 443 665 522 Tertulliano,
697 464 780 527 „que
808 441 897 505 l’dtre
923 442 1070 523 supreme
1095 440 1147 503 n'a
1169 438 1204 501 ni
1224 460 1324 522 corps,
1348 443 1376 503 ui

307 548 432 629 ligure”,
454 560 487 609 et
502 545 528 630 ¹)
552 568 633 629 „que
654 544 727 609 dieu
750 559 797 609 est
815 568 878 627 pur
899 546 1000 625 esprit
1022 544 1062 608 de
1082 566 1118 607 sa
1138 545 1276 622 nature”,
1301 558 1330 608 et
1348 548 1375 607 in

309 654 392 732 Baga
413 648 592 733 Vedam²):
627 669 680 725 „ce
709 648 801 726 dieu,
830 648 887 731 qui
907 659 964 710 est‘
977 646 1124 709 invisible
1146 661 1179 710 et
1199 671 1271 713 sans
1289 670 1374 731 corps

309 768 376 817 tout
406 754 546 835 puisssnt
575 764 606 815 et
632 752 809 815 immense”.
858 750 908 814 Ad
939 752 1022 813 bunc
1051 769 1194 814 errorem
1224 754 1298 835 περὶ
1324 754 1374 819 sni

308 855 502 939 iuouptdsoo
525 858 612 925 θεοῦ
642 854 887 918 confirmandum
916 854 1076 935 peculiare
1103 874 1184 935 opus
1208 856 1374 935 conscripsit

309 960 419 1023 lllelito
442 958 632 1023 insecundo
661 971 733 1040 post
763 958 922 1021 Christum
954 969 1063 1019 natum
1088 959 1230 1033 saeculo,
1262 957 1300 1019 de
1324 976 1376 1039 quo

310 1061 379 1123 side
400 1060 567 1125 Eusebium
581 1060 619 1147 ⁵).
666 1062 708 1123 Et
731 1063 791 1123 boc
812 1061 940 1145 quidem
963 1061 1077 1143 quinto
1098 1062 1224 1124 merulo
1245 1062 1375 1121 tenebant

308 1164 450 1245 plerique
472 1163 699 1245 Aegyptiorum
720 1165 967 1243 monachorum,
999 1166 1057 1247 qui
1082 1165 1295 1246 Theophilum
1320 1166 1377 1227 tte
1422 1151 1423 1154 ¹

307 1264 456 1328 nandriae
478 1266 656 1347 episcopum
687 1268 725 1327 nb
755 1268 831 1348 ipsis
859 1265 1061 1329 dissidentem
1091 1269 1329 1342 convenientes,
1357 1267 1378 1326 si

307 1380 439 1430 mortem
456 1368 565 1429 minuti
580 1380 662 1445 sunt,
683 1370 743 1429 nisi
758 1366 851 1429 deum
867 1388 1055 1449 corporeum
1072 1368 1290 1451 profiteretur,
1308 1367 1378 1451 quad

308 1484 392 1533 metu
416 1471 525 1531 mortis
547 1470 622 1549 ipsis
644 1470 794 1531 concessit
816 1471 1009 1533 Patrinrcha.

393 1572 569 1637 Stoicorum
592 1585 695 1635 autem
717 1571 756 1634 de
780 1592 932 1654 corporea
955 1576 1060 1637 anima
1081 1576 1266 1657 opinionem
1289 1577 1378 1637 conlu-

309 1676 421 1739 tavisse
445 1675 621 1755 Longinum
649 1688 681 1740 et
710 1677 870 1739 Plotinum
891 1678 924 1739 in
947 1680 1083 1759 scripto,
1111 1676 1165 1745 ὅτι
1186 1678 1232 1745 oti
1251 1676 1381 1745 dducam

309 1775 480 1862 σωματικὴ
503 1779 588 1844 εἶναι
612 1775 721 1865 ψυχή,
751 1779 838 1841 cuius
866 1781 1017 1863 reliquias
1038 1781 1073 1843 in
1099 1779 1239 1842 Eusebio
1251 1780 1281 1862 4)
1302 1782 1382 1841 babe-

309 1900 393 1957 rnus,
422 1892 495 1959 post
517 1880 659 1958 Lipsinm
678 1878 705 1962 ⁵)
734 1883 914 1945 observavit
939 1884 1103 1963 Mensgius
1117 1880 1164 1966 6);
1193 1883 1386 1965 quemadmo-

310 1981 384 2043 dum
416 1992 446 2042 et
476 1982 515 2041 ab
543 1980 652 2044 eodem
673 1984 808 2045 Eusebio
820 1984 849 2068 ⁷)
871 1984 1041 2049 laudantur
1061 1973 1224 2069 Excerpta
1242 2010 1276 2050 ex
1293 1989 1379 2059 libro,

309 2086 365 2169 qui
385 2084 628 2162 inscribebatur,
660 2082 711 2151 ὅτι
734 2081 795 2152 otis
820 2082 864 2154 ἂν
886 2092 937 2173 εἴη
959 2093 1056 2174 σῶμα
1079 2084 1119 2156 ro'
1141 2084 1184 2157 ὃν
1207 2086 1291 2157 rasit
1309 2086 1383 2162 ande

310 2186 496 2265 Στωϊκούς,
525 2188 610 2251 cuius
633 2190 705 2253 libri
728 2189 869 2252 meminit
891 2192 986 2253 etiam
1006 2192 1172 2255 Nemeeius
1189 2190 1232 2277 ⁸).
1277 2194 1389 2255 Animis

309 2312 440 2373 corpore
464 2293 574 2354 solutis
596 2292 764 2355 rotundam
786 2292 918 2357 sormam
940 2295 1054 2357 tribuit
1076 2295 1300 2377 Chrysippus,
1323 2310 1390 2359 teste

308 2394 472 2456 Eustathio
489 2392 529 2476 9).

393 2497 441 2557 Ex
464 2497 546 2558 ltisce
568 2497 658 2561 dictis
680 2499 770 2562 lseils
793 2501 960 2580 colligitur,
985 2501 1108 2564 Stoicos
1128 2522 1189 2583 per
1211 2503 1281 2563 hoc
1304 2504 1393 2583 ipsun

308 2593 424 2675 ου’σῖας
444 2603 640 2682 vocabulum,
666 2603 751 2686 quod
775 2602 834 2667 deo
857 2603 1142 2681 accommodabant,
1163 2625 1232 2666 non
1260 2604 1299 2666 id
1323 2603 1394 2687 quoi

307 2703 510 2766 substantiam
532 2708 598 2786 vel,
623 2719 658 2769 ut
685 2705 869 2770 Sclrolastici
891 2707 980 2790 loqui
1000 2721 1124 2786 amant,
1154 2712 1333 2772 realitatern
1353 2733 1399 2770 en

215 2839 217 2844 ·
306 2815 421 2869 stennius
445 2822 471 2870 st
498 2817 630 2872 essentias
656 2811 766 2888 habet,
795 2810 850 2872 sed
872 2831 986 2892 corpus
1007 2811 1137 2894 proprie
1159 2809 1295 2872 dictum
1319 2812 1400 2873 intel

307 2908 430 2972 lenisse.
472 2911 586 2974 Sextus
609 2912 785 2992 Empiricos
804 2911 848 2996 10)
870 2913 915 2974 sic
939 2914 1033 2976 habet
1054 2913 1094 2976 do
1116 2913 1258 2977 Stoicis:
1285 2911 1333 2982 ὃν
1354 2940 1401 2978 an·

307 3014 449 3090 λούντες
469 3011 509 3082 τὸ
529 3017 638 3101 σῶμα,
660 3027 769 3077 contra
791 3037 885 3099 quam
909 3017 1090 3097 opinionem
1106 3017 1324 3080 Numenium
1343 3016 1402 3076 soi·

307 3115 405 3195 psisse
435 3116 580 3181 vidimus.
630 3119 671 3180 Et
700 3119 744 3181 sic
773 3120 925 3201 explicari
954 3131 1075 3201 potest,
1105 3121 1284 3203 quomodo
1314 3141 1409 3183 esseu-

301 3258 587 3274 —ssvo—

305 3349 373 3401 irlem
396 3351 577 3424 (Aristoteles)
606 3357 666 3410 vult
692 3376 749 3412 esse
775 3360 866 3428 hum,
893 3361 963 3414 omni
980 3361 1058 3414 illum
1075 3378 1155 3413 sensu
1171 3359 1306 3428 privat,
1340 3359 1418 3410 etiar-

303 3439 459 3506 prudentio.
494 3445 553 3510 Quo
565 3462 648 3512 porro
662 3447 736 3500 modo
753 3447 882 3500 mnndum
896 3467 998 3502 moun
1015 3466 1109 3500 carens
1125 3464 1256 3515 corpore,
1276 3457 1344 3498 aut
1361 3467 1422 3517 qm-

305 3525 381 3578 mndo
405 3543 505 3596 semper
531 3548 560 3582 se
585 3551 691 3585 nrovsns
715 3553 771 3588 esse
793 3537 903 3608 quietus
927 3547 955 3588 et
981 3535 1077 3590 &otus
1098 3536 1211 3607 potest?
1267 3540 1311 3592 lu
1336 3540 1424 3610 quiet-r

305 3615 376 3670 enim
397 3613 475 3670 vitant
495 3617 598 3672 beatam
618 3622 786 3692 reponebant
803 3623 938 3695 Epicurei.

375 3705 407 3773 1)
426 3703 528 3760 ibidem
548 3727 574 3780 p.
591 3712 634 3762 28.

375 3796 406 3862 2)
426 3796 486 3868 Peg.
507 3800 568 3850 185.
587 3798 713 3851 versionis
731 3798 850 3855 Gallicae
868 3821 1003 3856 manuscr.

377 3885 408 3949 3)
427 3885 489 3942 llist
509 3885 601 3941 eccles.
621 3886 666 3952 Vl,
685 3890 711 3942 l.
892 3892 925 3958 t)
944 3889 1040 3960 Prsep.
1060 3905 1152 3956 evang.
1169 3885 1241 3952 XV,
1262 3891 1314 3940 21
1343 3901 1377 3940 et
1398 3890 1424 3938 2³

375 3978 405 4044 5)
424 3977 503 4048 Phys.
522 3975 605 4029 Stoic.
626 3975 671 4028 ΙΙΙ.
689 3974 749 4028 diss.
768 3978 793 4029 3.
894 3982 925 4046 ti)
945 3977 987 4030 Ad
1004 3977 1091 4031 Laert.
1110 3996 1137 4047 p.
1153 3976 1223 4030 191.

376 4069 408 4130 ἵ)
428 4064 523 4134 Praep.
541 4081 634 4132 evang.
654 4063 713 4128 XV,
734 4067 777 4117 ll.
894 4071 925 4134 8)
944 4067 986 4120 De
1005 4077 1059 4120 nat.
1076 4064 1146 4118 hom.
1166 4067 1192 4118 2.
1214 4084 1248 4136 p.
1267 4069 1335 4120 29.

380 4153 411 4215 ll)
435 4151 475 4203 Ad
499 4151 572 4204 llind.
591 4167 619 4211 u,
639 4154 680 4204 tt.
875 4157 923 4223 to)
945 4154 1011 4208 ride.
1029 4153 1153 4225 physicos
1170 4153 1208 4206 Χ.
1231 4173 1262 4226 p.
1291 4158 1378 4208 6³4.
