2984 4825
674 370 904 413 ...gv-

251 523 371 620 ltaque
396 518 511 592 animo
533 514 733 591 confirmato
759 543 883 588 munus
905 542 1018 587 meum
1043 514 1197 615 quamvis
1216 515 1330 588 taedio

251 622 390 724 plenum
414 622 459 693 ita
486 637 684 721 persecutus
710 646 798 706 sum,
824 634 862 690 ut
885 644 973 717 quae
998 618 1033 689 in
1056 615 1194 690 schedis
1215 635 1330 691 notata

251 723 446 825 reperirem,
473 739 531 794 aut
557 723 630 822 ipse
657 719 931 806 transcriberem,
961 736 1019 792 aut
1045 746 1107 819 per
1133 717 1232 792 aliam
1259 748 1331 793 ma-

250 854 333 901 num
360 824 454 897 haud
473 823 645 898 indoctam
666 820 928 897 transcribenda
955 820 1136 917 diligenter
1162 847 1331 894 curarem:

251 956 321 1031 quo
348 926 474 1000 laetum
501 944 561 1015 est,
587 944 625 1000 ut
649 953 755 1025 quum
773 923 916 997 Parisiis
943 950 972 995 a.
991 924 1091 997 1818
1111 922 1332 1011 discederem,

251 1047 466 1131 apparatum,
491 1029 551 1129 qui
574 1026 710 1117 dicitur,
732 1024 1021 1104 Villoisonianum
1038 1026 1179 1099 domum
1198 1053 1330 1099 mecum

250 1150 473 1235 asportarem.
524 1129 610 1202 Aliis
630 1156 710 1202 vero
729 1128 865 1202 interim
884 1126 1089 1200 interclusus
1109 1128 1332 1226 temporibus,

250 1263 348 1327 nunc,
379 1232 516 1305 demum
554 1256 611 1303 eas
649 1230 766 1332 copias
800 1227 1029 1331 qualicunque
1054 1256 1131 1301 mea
1155 1256 1259 1330 opera
1286 1230 1332 1302 ad

250 1350 414 1425 mentem,
441 1350 607 1432 utputo,
638 1332 798 1426 auctoris
818 1330 1002 1433 dispositas
1029 1348 1212 1433 auctasque
1239 1328 1332 1405 evul-

250 1436 355 1539 gandi
379 1432 560 1511 consilium
583 1435 671 1536 cepi,
696 1440 810 1535 quum'
848 1435 1021 1507 raesertim
1042 1433 1191 1505 virorum
1213 1432 1332 1505 docto-

249 1569 324 1613 rum
346 1536 515 1611 neminem
542 1535 704 1626 viderem,
729 1536 788 1659 gui
811 1462 965 1624 dommi,
989 1534 1139 1609 hominis
1163 1533 1256 1607 haud
1278 1534 1332 1607 in·

250 1641 354 1729 docti,
379 1638 542 1729 libellum,
568 1638 603 1711 in
626 1666 769 1712 sumnus
788 1637 925 1740 ineptiis
949 1652 1106 1710 accurata
1130 1635 1331 1738 disciplinae

249 1741 452 1831 Stoicorum:
466 1740 680 1815 enarratione
704 1740 948 1843 conspicuum,
974 1738 1065 1841 turpi
1089 1765 1198 1839 paene
1221 1765 1332 1810 exem·

249 1846 308 1945 plo
335 1844 380 1917 ad
407 1846 498 1919 hunc
525 1842 615 1918 diem
641 1840 814 1942 vulgatum
837 1844 874 1915 in
897 1870 1021 1914 norum
1048 1868 1187 1914 examen
1211 1865 1332 1914 vocare

249 1946 475 2023 sustinuisset.
535 1946 623 2019 Nam
658 1973 697 2017 ex
731 1974 802 2046 quo
837 1943 989 2017 Thomas
1025 1940 1111 2015 Gale
1145 1942 1331 2040 Opusculis

249 2048 509 2153 mythologieis,
572 2047 701 2152 hysicis
728 2065 760 2120 et
787 2045 906 2120 ethicis
934 2045 987 2119 bis
1020 2072 1101 2116 ase
1128 2042 1227 2117 editis
1255 2072 1330 2117 eum

249 2150 410 2237 inseruit,
443 2149 487 2222 ab
522 2076 590 2224 alio
623 2176 797 2249 quoquam
833 2150 954 2222 iterum
990 2144 1117 2219 editum
1149 2174 1219 2217 non
1253 2146 1332 2218 novi

207 2274 212 2283 “
248 2253 316 2325 nisi
344 2280 362 2325 a
388 2250 570 2351 Neophyto
599 2252 715 2335 Duca,
755 2252 889 2325 Graeco
917 2248 1073 2336 homine,
1106 2244 1334 2322 Vindobonae

251 2354 373 2439 1811,
397 2378 466 2424 una
492 2377 569 2423 cum
594 2348 758 2424 Sallustio
785 2350 827 2424 de
855 2349 985 2424 mundo
1011 2351 1154 2449 aliisque
1181 2350 1253 2423 eius
1275 2376 1333 2448 gc-

249 2454 342 2528 neris
358 2452 504 2551 scriptis.
556 2447 671 2548 Quam
689 2453 884 2542 editionem,
901 2449 1077 2550 gentilium
1096 2479 1236 2524 suorum
1256 2453 1332 2524 usui

226 2579 229 2594 ·
250 2555 294 2631 ab
316 2571 454 2628 auctore
476 2550 690 2642 destinatam,
712 2554 790 2628 lieet
817 2554 878 2627 diu
906 2572 937 2627 et
960 2554 1094 2627 curiose
1116 2580 1136 2625 a
1155 2581 1208 2626 me
1229 2579 1333 2655 quae-

250 2659 361 2746 sitam,
375 2683 552 2755 nunquam
565 2655 672 2730 oculis
683 2683 852 2756 usurpare
863 2655 968 2744 licuit,
982 2683 1095 2757 neque
1105 2682 1233 2742 eorum,
1246 2683 1333 2755 qnae

251 2786 375 2834 censor
397 2758 469 2831 eius
496 2757 576 2831 olim
605 2759 736 2832 monuit
752 2761 808 2859 *),
832 2756 1032 2832 recordatus
1062 2784 1269 2858 magnopere
1296 2755 1333 2828 id

251 2859 357 2934 dolui.
408 2860 491 2932 Post
516 2859 669 2952 Ducam,
699 2861 758 2962 qni
787 2861 939 2935 Cornuto
965 2888 1088 2933 novam
1113 2887 1251 2959 operam
1281 2854 1333 2929 di-

250 2978 369 3049 casset,
394 2988 495 3035 nemo
510 2977 664 3064 repertus
683 2961 746 3036 tuit
766 2962 830 3035 nisi
850 2960 1010 3050 Batavus,
1036 2960 1213 3036 Gerardus
1233 2961 1335 3032 loan-

249 3091 311 3137 nes
332 3061 375 3136 de
394 3063 547 3154 Martini,
573 3093 641 3138 non
695 3065 727 3137 ui
756 3061 907 3139 libellum
935 3065 1059 3152 ederet,
1084 3061 1144 3136 sed
1171 3063 1230 3163 qui
1253 3063 1335 3135 Dis-

249 3165 424 3267 putatione
449 3161 644 3266 inaugurali
661 3093 713 3238 'de
733 3167 771 3240 L.
789 3169 933 3241 Annaeo
952 3167 1103 3239 Cornuto
1125 3163 1334 3265 philosopho

249 3267 365 3342 Stoico
387 3265 557 3364 eleganter
581 3297 643 3342 nec
670 3269 743 3341 sine
769 3271 926 3369 acunrine
949 3271 1075 3371 scripta
1099 3267 1165 3341 lroc
1186 3266 1228 3340 de
1249 3267 1334 3339 scri-

249 3385 346 3470 ptore
380 3368 560 3466 insigniter
593 3371 791 3473 promeruit:
849 3373 902 3446 De
936 3400 1004 3472 qua
1040 3368 1335 3457 commentatione,

249 3497 337 3572 quae
360 3469 523 3570 Lugduni
547 3473 589 3548 B.
615 3473 713 3546 1825
741 3473 891 3573 prodiit,
926 3473 1012 3574 quid
1036 3471 1253 3546 statuendum
1279 3471 1336 3558 sit,

249 3599 356 3674 quum
383 3572 463 3646 olim
490 3571 722 3664 censuerimus
736 3575 815 3672 ¹¹⁴),
852 3595 923 3650 tum
947 3601 1011 3674 per
1035 3574 1125 3647 hane
1151 3571 1334 3646 editionem

248 3691 401 3749 nostram
428 3675 589 3749 censendi
616 3676 744 3776 passim
773 3675 868 3752 locus
892 3677 968 3749 suit.
1233 3763 1236 3767 ¹

327 3775 443 3870 Quom
471 3774 578 3875 igitur
611 3777 656 3849 ad
688 3776 831 3851 Cornuti
868 3793 1080 3864 contextum,
1116 3801 1155 3848 er
1186 3773 1336 3873 pessimo

249 3873 331 3948 olim
358 3876 475 3952 codiee
503 3876 733 3976 descriptum,
771 3896 802 3950 et
837 3881 882 3952 ad
916 3896 1069 3952 nostrum
1104 3902 1212 3976 usque
1246 3874 1337 3948 diem

248 4003 357 4078 paene
381 3977 572 4076 neglectum
600 3977 837 4077 refingendum
868 3981 928 4081 qui
955 4007 1029 4052 sese
1060 3976 1251 4075 accingeret
1277 4003 1338 4048 ne-

311 4222 340 4302 *l
361 4224 492 4304 Ephem.
512 4223 576 4286 litt.
597 4222 682 4304 Lipa.
708 4226 802 4288 1817.
819 4223 883 4286 Νο.
905 4229 960 4286 41.

296 4305 344 4392 **)
365 4309 495 4388 Ephem.
517 4309 579 4370 litt.
600 4309 671 4372 Hal.
696 4313 791 4372 1832.
811 4308 923 4393 Suppl.
943 4311 1017 4372 too.
1040 4329 1072 4388 p.
1090 4309 1152 4371 7⁹3
1175 4323 1223 4385 σᾳ.
