2984 4825
715 344 759 359 -
788 277 866 373 ⁴ecs
908 341 951 357 -·

290 480 367 539 iliad.
392 476 498 535 GALE.
534 476 577 533 De
594 476 707 547 proelio,
726 474 800 549 quod
818 473 953 529 Hercules
971 488 1034 528 oum
1052 469 1117 528 Cois
1134 472 1306 527 commiserit
1323 472 1379 527 de-

291 588 343 643 que
362 586 465 633 mussa,
483 584 534 641 qus
552 566 653 620 cultum
671 582 778 619 uorum
796 564 868 634 apud
886 580 934 618 sos
951 570 1045 623 motus
1062 562 1105 626 sit,
1122 570 1153 616 ut
1169 560 1302 618 nendos
1318 562 1379 615 eius

291 659 319 711 iu
343 656 497 711 memoriam
523 655 654 708 sactorum
680 653 790 707 illorum
809 652 935 707 muliebri
951 656 1026 707 rests
1043 650 1153 707 indutus
1170 666 1247 706 ascrs
1265 650 1378 713 iamet,

291 744 402 815 copiose
420 742 473 811 agit
490 739 648 795 Plutarchus
668 737 777 804 Quaest.
802 737 900 795 Graec.
922 756 950 810 p.
967 740 1029 794 ³⁰4.
1064 737 1155 811 Atque
1171 739 1278 795 cultum
1297 738 1376 793 Her-

291 832 359 887 culis
376 848 407 885 ea
425 832 453 885 in
470 828 572 894 insula,
594 828 699 899 dequo
717 844 741 880 r.
760 824 873 880 Echhel.
891 825 984 880 Doctr.
1003 842 1077 881 sam.
1094 826 1128 881 T.
1145 825 1183 882 11.
1200 845 1229 899 p.
1242 828 1298 881 5911
1312 844 1375 898 aeq.¹

291 918 414 993 permulti
442 925 571 971 testantur
596 916 679 969 numi.
716 914 750 969 V.
768 913 892 970 Hionnat
909 913 1005 970 Descr.
1027 913 1170 969 des‘med.
1194 924 1248 981 snt.
1274 914 1309 969 T.
1327 914 1375 969 lll.

290 1028 316 1081 p.
328 1010 390 1063 loe.
426 1004 508 1071 Quod
526 1014 614 1059 autem
629 1002 789 1057 Plutarchus
807 1002 888 1056 tradit
900 1000 1050 1057 Herculeus
1067 1002 1106 1056 ibi
1119 999 1230 1073 Alciupi
1246 1003 1334 1059 utin
1344 1005 1375 1074 †l

289 1097 317 1151 in
335 1094 533 1151 matrimonium
553 1092 675 1156 duxisse,
700 1107 769 1163 quas
795 1106 890 1145 causas
914 1090 988 1144 illius
1012 1090 1099 1145 cubus
1123 1090 1235 1155 lui-u,
1256 1093 1287 1146 id
1310 1094 1376 1164 ipsis

290 1184 393 1247 numia,
421 1184 445 1237 si
464 1190 536 1239 recte
555 1180 687 1244 conficio,
715 1178 916 1250 conprobatur.
952 1176 985 1232 ln
1002 1176 1074 1233 b'nis
1090 1180 1181 1233 numia
1198 1196 1214 1233 a
1232 1177 1376 1235 Hioneto

291 1269 506 1327 commemoratis
524 1284 551 1337 p.
569 1268 631 1322 403.
657 1264 707 1321 Νο.
726 1270 761 1321 2⁰
786 1274 814 1321 et
837 1284 865 1339 p.
882 1268 944 1321 105.
969 1265 1021 1321 No.
1039 1268 1076 1321 st
1093 1267 1253 1323 exhibentur
1273 1268 1304 1322 ia
1322 1268 1377 1323 sd-

291 1376 368 1414 rersa
393 1356 521 1411 Herculis
551 1364 630 1426 caput
657 1353 794 1418 imberbe,
823 1355 852 1407 in
878 1371 972 1409 aversa
999 1352 1115 1409 leminsa
1139 1365 1222 1428 caput
1246 1357 1376 1412 vdstu.

293 1443 363 1510 Hoc,
381 1445 409 1498 ni
430 1444 509 1498 lsllor
527 1458 650 1513 sponsae,
669 1458 738 1513 quae
756 1438 870 1497 Herculi
886 1442 1016 1513 nupserit,
1033 1450 1122 1513 eaput.
1164 1442 1260 1518 Neque
1278 1463 1296 1499 s
1312 1463 1376 1502 reso

293 1534 417 1589 aberrare
437 1549 479 1587 me
498 1528 657 1583 crediderim
680 1528 703 1582 si
727 1528 762 1581 ad
779 1531 889 1585 eosdem
907 1548 1014 1586 amores
1035 1531 1208 1587 rescandum
1226 1550 1290 1589 essa
1307 1552 1375 1589 cca-

292 1636 365 1675 seam
384 1618 466 1673 alium
485 1636 597 1673 numum
616 1616 686 1688 apud
704 1613 818 1671 Echhel.
835 1619 854 1673 l.
871 1617 899 1685 1.,
916 1636 971 1693 quo
989 1618 1123 1676 Hercules
1139 1631 1214 1677 stans
1232 1640 1295 1677 curn
1314 1621 1374 1677 Cu-

292 1708 383 1781 pidine
411 1706 523 1763 brachio
551 1707 609 1761 eius
638 1706 795 1761 inhaerente
823 1717 1046 1779 repraesentatur.
1091 1708 1234 1765 Praetem
1263 1711 1294 1765 in
1320 1712 1375 1765 alio

207 1839 210 1848 ,
293 1794 413 1851 Cooruua
438 1814 521 1853 numo
546 1813 588 1867 ap.
608 1793 712 1850 Eclhel
731 1794 811 1851 Num.
829 1804 880 1851 ret
896 1798 992 1854 meod.
1015 1797 1048 1854 T.
1066 1794 1089 1853 1.
1111 1816 1139 1869 p.
1156 1799 1226 1863 ott,
1250 1798 1280 1853 in
1298 1799 1373 1853 caius
1398 1863 1405 1876 ἡ

294 1883 405 1939 adversa
423 1884 486 1938 item
505 1892 585 1954 ceput
603 1884 734 1939 muliebre
752 1885 880 1951 relatum,
898 1887 927 1941 in
944 1887 1056 1942 adversa
1073 1887 1167 1959 paguri
1186 1887 1275 1956 irasgo
1293 1884 1374 1941 exhi·

294 1973 375 2026 betur
389 1972 453 2043 ††),
471 1972 583 2025 eandem
601 1970 673 2025 hsud
692 1972 827 2028 dubitabis
844 1990 991 2043 agnoscere
1003 1972 1132 2029 Herculis
1150 1975 1292 2045 coniugem
1308 1992 1375 2043 prae

294 2058 351 2114 lole
369 2060 411 2116 rel
431 2056 552 2129 Ompale,
572 2076 684 2133 quarum
701 2061 900 2116 alteramutram
917 2060 963 2119 hio
980 2064 1133 2134 repperisse
1151 2060 1205 2115 sibi
1223 2060 1305 2117 editor
1322 2064 1370 2115 ri-

295 2148 422 2219 debatur:
450 2146 483 2201 de
503 2146 635 2220 Omphale
654 2159 726 2205 certe
743 2167 798 2222 quo
818 2150 905 2205 minus
930 2150 1078 2221 cogitemus
1095 2159 1166 2209 vetat
1182 2151 1251 2207 alius
1268 2168 1374 2206 eorun-

295 2238 356 2293 dem
375 2236 494 2293 Coenam
514 2254 614 2293 numus
633 2238 705 2309 apud
722 2235 847 2318 Mionuet
863 2255 891 2309 p.
905 2240 967 2293 sot.
986 2236 1038 2294 No.
1053 2240 1101 2305 31,
1130 2256 1185 2312 qno
1202 2248 1301 2295 certam
1319 2240 1375 2294 hs-

294 2328 388 2383 bemus
403 2326 551 2399 Omphalae
567 2327 717 2397 imaginem,
735 2325 784 2380 sed
802 2342 836 2381 co
854 2326 955 2391 habitu,
972 2341 1027 2399 qno
1045 2344 1094 2397 par
1112 2337 1159 2392 est,
1177 2327 1293 2393 indutae,
1312 2327 1376 2381 h.e.

295 2415 439 2470 Herculeis
464 2415 613 2485 insignibus
639 2425 758 2470 crustae.
794 2412 946 2487 Omphalen
962 2416 1036 2486 pelle
1052 2415 1141 2471 leonis
1157 2423 1249 2470 mctsm
1266 2416 1379 2471 exhibet

296 2504 360 2558 artie
378 2519 447 2574 opus
464 2503 492 2556 in
510 2499 609 2558 Museo
627 2501 787 2568 Parisicnsi‚
814 2503 848 2558 de
873 2521 928 2576 quo
952 2505 1032 2558 adeas
1057 2503 1178 2560 Viacouti
1197 2503 1380 2574 Description

295 2591 343 2646 dea
362 2593 482 2663 antiques
501 2591 537 2646 du
555 2589 652 2646 ttusec
669 2592 755 2665 sogal,
774 2590 825 2646 No.
844 2593 902 2648 1111.
921 2610 949 2665 p.
962 2595 1006 2648 62.
1024 2592 1066 2648 ed.
1082 2612 1108 2648 s.
1129 2592 1199 2648 tert.
1233 2587 1304 2643 Cum
1321 2591 1379 2646 illa

296 2679 423 2734 Herculia
443 2681 557 2750 coniuge
575 2679 686 2734 confusa
706 2678 786 2735 Hebe
809 2696 870 2736 esse
891 2681 1011 2746 ridetur,
1038 2681 1062 2735 si
1085 2681 1191 2755 quidem
1209 2694 1306 2734 rerum
1333 2687 1382 2734 est

294 2769 366 2838 qarod
386 2766 519 2821 Cornutus
537 2775 641 2830 narrat,
664 2767 801 2837 propriam
820 2769 905 2825 luime
922 2768 988 2824 Cois
1006 2768 1105 2825 lamam
1123 2769 1157 2824 de
1174 2766 1274 2840 nuptiis
1293 2764 1380 2821 Her-

295 2853 363 2905 culis
383 2869 444 2904 cum
462 2851 541 2906 Hebe
560 2854 639 2906 initis.
677 2852 836 2924 Nuptiarum
855 2857 964 2923 harum,
989 2874 1056 2931 qnss
1073 2856 1252 2929 pulcherrima
1268 2855 1379 2925 pictura

294 2939 396 2992 vasculi
420 2955 507 3009 nuper
532 2941 632 3010 reperti
657 2950 838 3012 repraesentat
861 2943 896 3016 (r.
914 2944 1057 3001 (ierbsrdii
1081 2943 1189 2998 Berlina
1206 2952 1258 2998 snt.
1278 2939 1379 2996 bilder.

294 3024 325 3080 T.
344 3023 366 3080 l.
390 3043 417 3098 p.
435 3025 512 3099 299),
541 3029 607 3082 rstio
627 3029 692 3084 nihil
712 3033 739 3088 in
758 3031 898 3101 sehabet,
928 3034 1002 3107 quod
1020 3033 1055 3090 sd
1074 3032 1195 3090 Coccum
1211 3031 1315 3086 maltam
1335 3030 1380 3085 rel

293 3113 436 3185 religiones
455 3115 626 3186 peculiariter
645 3127 754 3190 spectet.

293 3209 578 3224 m

344 3255 397 3341 Ι1)
417 3255 590 3316 Plutarchus:
614 3261 701 3328 tripu
724 3261 774 3334 τήν
795 3261 941 3318 Ἀλκιόπου.
985 3263 1087 3321 Eadem
1106 3280 1166 3320 esse
1183 3263 1289 3318 ridetur
1308 3280 1383 3335 quse

291 3327 403 3382 testibus
429 3326 593 3388 Callimacho
616 3332 653 3386 H.
673 3336 700 3387 in
718 3333 779 3388 Del.
801 3335 848 3389 161
877 3343 903 3389 et
928 3333 1020 3392 Schol.
1046 3335 1153 3392 Piudar.
1179 3333 1255 3388 Nem.
1275 3333 1327 3395 lv,
1347 3335 1383 3385 to

292 3395 378 3452 llhen.
404 3395 550 3472 Chalciope
577 3413 688 3457 vocatur
705 3414 731 3458 ct
749 3406 777 3458 in
796 3405 914 3459 sacrario
931 3407 1063 3476 peculiari
1080 3406 1152 3461 culta
1170 3406 1277 3458 dicitur.
1317 3403 1384 3458 bli-

293 3483 339 3520 rus
361 3485 426 3522 reno
451 3473 589 3526 nominum
614 3475 696 3543 patris
722 3483 749 3529 et
773 3475 845 3529 tiliae
869 3493 1031 3542 consensus,
1059 3487 1089 3531 ut
1106 3493 1189 3548 quum
1206 3474 1241 3528 de
1260 3475 1385 3528 lectione

294 3537 366 3620 apud
378 3535 568 3597 Callimachum
584 3543 697 3598 dubium
713 3546 747 3600 sit
765 3547 877 3612 nullum,
894 3547 968 3602 illius
982 3549 1099 3604 nominis
1114 3548 1186 3617 apud
1199 3545 1385 3600 Plutarchum

293 3615 424 3678 scriptura
442 3611 475 3664 sd
491 3611 571 3666 huius
590 3613 699 3668 modum
718 3617 866 3671 revocanda
884 3618 1018 3683 rideatur,
1036 3619 1065 3672 ui
1083 3625 1201 3689 praestet
1216 3617 1311 3686 legere·¹
1336 3616 1387 3685 uir

292 3677 461 3751 Χαλκιόπην,
485 3698 567 3756 quum
593 3695 668 3756 pater
692 3685 751 3740 eius
777 3687 875 3742 diserte
893 3685 1050 3763 Eurypylus
1075 3697 1186 3745 vocetur
1202 3685 1387 3760 Apollodoro

292 3748 326 3815 11,
344 3751 369 3815 7,
387 3754 413 3817 8,
435 3753 464 3807 11
487 3763 513 3808 et
532 3752 622 3809 Sebol.
641 3754 717 3811 Pind.
736 3757 755 3810 1.
772 3775 795 3810 c.

312 3887 318 3902 .
339 3822 395 3894 ††)
414 3821 534 3880 Similem
552 3843 664 3881 numum
682 3827 786 3898 profert
803 3825 959 3883 Hionuctus
998 3830 1079 3885 ‚tot
1098 3827 1148 3884 Nu.
1164 3830 1214 3892 36,
1233 3844 1268 3881 co
1287 3836 1389 3882 umen

292 3888 441 3972 diversum,
468 3896 542 3968 quod
561 3914 662 3968 paguro
681 3899 784 3952 adiecta
802 3907 843 3952 est
860 3899 935 3955 clara
982 3900 1095 3963 ecclsiis,
1124 3915 1180 3972 quo
1197 3899 1227 3952 lit
1244 3906 1276 3953 ut
1297 3901 1389 3954 etiam

294 3968 391 4012 ceruus
416 3961 450 4018 de
475 3967 595 4022 mulieris
616 3984 735 4090 persona
763 3978 877 4029 statuere
901 3971 989 4026 liceat.
1031 3969 1119 4044 Atque
1143 3969 1237 4042 pagusi
1265 3986 1389 4043 quoque

294 4027 430 4084 notionem
454 4035 488 4088 ali
509 4054 543 4090 uo
570 4054 650 4092 ιιιοο
676 4039 710 4092 ad
729 4035 876 4095 Herculem
895 4041 1006 4105 referri,
1033 4041 1138 4094 monuit
1155 4037 1336 4094 Csredoniua
1360 4042 1391 4093 iu

294 4097 391 4182 bannali
409 4101 469 4156 dell·
502 4117 552 4160 nst.
571 4107 642 4161 arch.
661 4107 692 4163 T.
710 4108 772 4164 Vll.
791 4129 818 4182 p.
836 4111 905 4174 26³,
933 4129 1013 4184 quem
1038 4129 1111 4166 nuuc
1135 4111 1214 4166 rideo
1233 4110 1269 4166 de
1289 4112 1392 4181 effigie

294 4170 340 4222 nlla
358 4173 451 4242 capitis
469 4174 547 4228 relati
566 4179 676 4234 eandem
695 4183 851 4236 senteutiam
868 4183 1053 4252 proposuisse.
