<?xml version="1.0" encoding="UTF-8"?>
<!DOCTYPE html PUBLIC "-//W3C//DTD XHTML 1.0 Transitional//EN"
    "http://www.w3.org/TR/xhtml1/DTD/xhtml1-transitional.dtd">
<html xmlns="http://www.w3.org/1999/xhtml" xml:lang="en" lang="en">
 <head>
  <title>
</title>
<meta http-equiv="Content-Type" content="text/html;charset=utf-8" />
  <meta name='ocr-system' content='tesseract 3.04.00' />
  <meta name='ocr-capabilities' content='ocr_page ocr_carea ocr_par ocr_line ocrx_word'/>
</head>
<body>
  <div class='ocr_page' id='page_1' title='image "./denaturadeorum01corngoog/denaturadeorum01corngoog_0018.png"; bbox 0 0 2984 4825; ppageno 0'>
   <div class='ocr_carea' id='block_1_1' title="bbox 687 336 1016 389">
    <p class='ocr_par' dir='ltr' id='par_1_1' title="bbox 687 336 1016 389">
     <span class='ocr_line' id='line_1_1' title="bbox 687 336 1016 389; baseline 0 0"><span class='ocrx_word' id='word_1_1' title='bbox 687 336 1016 389; x_wconf 78' lang='lat' dir='ltr'><strong>-xrv-&#39;</strong></span> 
     </span>
    </p>
   </div>
   <div class='ocr_carea' id='block_1_2' title="bbox 260 491 1347 4367">
    <p class='ocr_par' dir='ltr' id='par_1_2' title="bbox 260 491 1347 4367">
     <span class='ocr_line' id='line_1_2' title="bbox 264 491 1346 596; baseline -0.003 -27"><span class='ocrx_word' id='word_1_2' title='bbox 264 491 741 596; x_wconf 79' lang='lat' dir='ltr'><strong>nunquamconspirantem,</strong></span> <span class='ocrx_word' id='word_1_3' title='bbox 768 494 826 595; x_wconf 83' lang='lat' dir='ltr'><strong>(pei</strong></span> <span class='ocrx_word' id='word_1_4' title='bbox 860 524 890 570; x_wconf 81' lang='lat' dir='ltr'><strong>v.</strong></span> <span class='ocrx_word' id='word_1_5' title='bbox 915 523 947 570; x_wconf 87' lang='lat' dir='ltr'><strong>c.</strong></span> <span class='ocrx_word' id='word_1_6' title='bbox 975 491 1103 578; x_wconf 75' lang='lat' dir='ltr'><strong>emittis</strong></span> <span class='ocrx_word' id='word_1_7' title='bbox 1127 522 1157 571; x_wconf 90' lang='lat' dir='ltr'><strong>c.</strong></span> <span class='ocrx_word' id='word_1_8' title='bbox 1182 498 1224 584; x_wconf 83' lang='lat'><strong>5,</strong></span> <span class='ocrx_word' id='word_1_9' title='bbox 1251 496 1346 595; x_wconf 86' lang='lat' dir='ltr'><strong>quod</strong></span> 
     </span>
     <span class='ocr_line' id='line_1_3' title="bbox 262 592 1345 697; baseline -0.004 -26"><span class='ocrx_word' id='word_1_10' title='bbox 262 596 500 697; x_wconf 84' lang='lat' dir='ltr'><strong>reponendum</strong></span> <span class='ocrx_word' id='word_1_11' title='bbox 521 610 603 680; x_wconf 80' lang='lat' dir='ltr'><strong>erat,</strong></span> <span class='ocrx_word' id='word_1_12' title='bbox 628 592 693 668; x_wconf 90' lang='lat' dir='ltr'><strong>soli</strong></span> <span class='ocrx_word' id='word_1_13' title='bbox 719 595 890 669; x_wconf 77' lang='lat' dir='ltr'><strong>exhibent.</strong></span> <span class='ocrx_word' id='word_1_14' title='bbox 941 596 1004 669; x_wconf 83' lang='lat' dir='ltr'><strong>llis</strong></span> <span class='ocrx_word' id='word_1_15' title='bbox 1050 597 1231 671; x_wconf 80' lang='lat' dir='ltr'><strong>raestantia</strong></span> <span class='ocrx_word' id='word_1_16' title='bbox 1254 596 1345 668; x_wconf 84' lang='lat' dir='ltr'><strong>haud</strong></span> 
     </span>
     <span class='ocr_line' id='line_1_4' title="bbox 262 623 1345 798; baseline -0.001 -26"><span class='ocrx_word' id='word_1_17' title='bbox 262 698 443 772; x_wconf 81' lang='lat' dir='ltr'><strong>inferiores</strong></span> <span class='ocrx_word' id='word_1_18' title='bbox 465 695 613 798; x_wconf 77' lang='lat' dir='ltr'><strong>putandi</strong></span> <span class='ocrx_word' id='word_1_19' title='bbox 632 696 848 772; x_wconf 76' lang='lat' dir='ltr'>oxonienses</span> <span class='ocrx_word' id='word_1_20' title='bbox 875 714 908 772; x_wconf 91' lang='lat' dir='ltr'><strong>et</strong></span> <span class='ocrx_word' id='word_1_21' title='bbox 932 696 989 771; x_wconf 85' lang='lat' dir='ltr'><strong>elii</strong></span> <span class='ocrx_word' id='word_1_22' title='bbox 1014 623 1171 788; x_wconf 72' lang='lat' dir='ltr'><strong>liertmm,</strong></span> <span class='ocrx_word' id='word_1_23' title='bbox 1195 726 1267 771; x_wconf 88' lang='lat' dir='ltr'><strong>non</strong></span> <span class='ocrx_word' id='word_1_24' title='bbox 1288 724 1345 772; x_wconf 87' lang='lat' dir='ltr'><strong>ac·</strong></span> 
     </span>
     <span class='ocr_line' id='line_1_5' title="bbox 263 798 1344 901; baseline -0.003 -24"><span class='ocrx_word' id='word_1_25' title='bbox 263 817 379 877; x_wconf 82' lang='lat' dir='ltr'><strong>curate</strong></span> <span class='ocrx_word' id='word_1_26' title='bbox 412 800 515 874; x_wconf 79' lang='lat' dir='ltr'><strong>nobis</strong></span> <span class='ocrx_word' id='word_1_27' title='bbox 548 799 696 895; x_wconf 83' lang='lat' dir='ltr'><strong>cogniti,</strong></span> <span class='ocrx_word' id='word_1_28' title='bbox 729 800 832 875; x_wconf 79' lang='lat' dir='ltr'><strong>veluti</strong></span> <span class='ocrx_word' id='word_1_29' title='bbox 858 798 1062 875; x_wconf 77' lang='lat' dir='ltr'><strong>Berocciani</strong></span> <span class='ocrx_word' id='word_1_30' title='bbox 1092 800 1235 901; x_wconf 83' lang='lat' dir='ltr'><strong>quidem</strong></span> <span class='ocrx_word' id='word_1_31' title='bbox 1268 828 1344 875; x_wconf 86' lang='lat' dir='ltr'><strong>cum</strong></span> 
     </span>
     <span class='ocr_line' id='line_1_6' title="bbox 261 899 1346 1005; baseline -0.003 -29"><span class='ocrx_word' id='word_1_32' title='bbox 261 900 416 976; x_wconf 85' lang='lat' dir='ltr'><strong>Venetis.</strong></span> <span class='ocrx_word' id='word_1_33' title='bbox 466 899 699 976; x_wconf 85' lang='lat' dir='ltr'><strong>Galeanorum</strong></span> <span class='ocrx_word' id='word_1_34' title='bbox 720 903 842 991; x_wconf 68' lang='lat' dir='ltr'>MSS„</span> <span class='ocrx_word' id='word_1_35' title='bbox 867 918 951 1005; x_wconf 87' lang='lat' dir='ltr'><strong>puta</strong></span> <span class='ocrx_word' id='word_1_36' title='bbox 977 901 1250 988; x_wconf 79' lang='lat' dir='ltr'>oxoniensium,</span> <span class='ocrx_word' id='word_1_37' title='bbox 1273 903 1346 974; x_wconf 87' lang='lat' dir='ltr'><strong>sin·</strong></span> 
     </span>
     <span class='ocr_line' id='line_1_7' title="bbox 263 1003 1346 1103; baseline -0.001 -27"><span class='ocrx_word' id='word_1_38' title='bbox 263 1003 415 1103; x_wconf 85' lang='lat' dir='ltr'><strong>gularem</strong></span> <span class='ocrx_word' id='word_1_39' title='bbox 443 1003 599 1077; x_wconf 76' lang='lat' dir='ltr'><strong>advertas</strong></span> <span class='ocrx_word' id='word_1_40' title='bbox 626 1030 703 1076; x_wconf 89' lang='lat' dir='ltr'><strong>cum</strong></span> <span class='ocrx_word' id='word_1_41' title='bbox 735 1006 812 1080; x_wconf 87' lang='lat' dir='ltr'><strong>Par.</strong></span> <span class='ocrx_word' id='word_1_42' title='bbox 839 1010 865 1077; x_wconf 80' lang='lat'>2</span> <span class='ocrx_word' id='word_1_43' title='bbox 893 1003 1153 1101; x_wconf 73' lang='lat' dir='ltr'>congruentiam</span> <span class='ocrx_word' id='word_1_44' title='bbox 1183 1004 1219 1077; x_wconf 89' lang='lat' dir='ltr'><strong>in</strong></span> <span class='ocrx_word' id='word_1_45' title='bbox 1246 1003 1346 1075; x_wconf 87' lang='lat' dir='ltr'><strong>addi·</strong></span> 
     </span>
     <span class='ocr_line' id='line_1_8' title="bbox 261 1103 1346 1211; baseline -0.003 -31"><span class='ocrx_word' id='word_1_46' title='bbox 261 1122 411 1180; x_wconf 80' lang='lat' dir='ltr'><strong>tomento</strong></span> <span class='ocrx_word' id='word_1_47' title='bbox 438 1103 588 1205; x_wconf 90' lang='lat' dir='ltr'><strong>quodam</strong></span> <span class='ocrx_word' id='word_1_48' title='bbox 613 1104 725 1177; x_wconf 87' lang='lat' dir='ltr'><strong>alieno</strong></span> <span class='ocrx_word' id='word_1_49' title='bbox 751 1134 781 1178; x_wconf 90' lang='lat' dir='ltr'><strong>c.</strong></span> <span class='ocrx_word' id='word_1_50' title='bbox 798 1108 833 1179; x_wconf 86' lang='grc'><strong>9.</strong></span> <span class='ocrx_word' id='word_1_51' title='bbox 855 1132 890 1205; x_wconf 88' lang='lat' dir='ltr'><strong>p.</strong></span> <span class='ocrx_word' id='word_1_52' title='bbox 911 1108 986 1180; x_wconf 82' lang='lat'><strong>150</strong></span> <span class='ocrx_word' id='word_1_53' title='bbox 1008 1123 1087 1205; x_wconf 88' lang='lat' dir='ltr'><strong>post</strong></span> <span class='ocrx_word' id='word_1_54' title='bbox 1107 1133 1137 1179; x_wconf 83' lang='lat' dir='ltr'><strong>v.</strong></span> <span class='ocrx_word' id='word_1_55' title='bbox 1155 1134 1346 1211; x_wconf 70' lang='grc' dir='ltr'><strong>προσαγο.</strong></span> 
     </span>
     <span class='ocr_line' id='line_1_9' title="bbox 261 1205 1346 1314; baseline -0.01 -23"><span class='ocrx_word' id='word_1_56' title='bbox 261 1205 423 1314; x_wconf 77' lang='lat' dir='ltr'><strong>petierctt.</strong></span> <span class='ocrx_word' id='word_1_57' title='bbox 487 1208 597 1279; x_wconf 84' lang='lat' dir='ltr'><strong>Porro</strong></span> <span class='ocrx_word' id='word_1_58' title='bbox 632 1232 672 1279; x_wconf 83' lang='lat' dir='ltr'><strong>ex</strong></span> <span class='ocrx_word' id='word_1_59' title='bbox 707 1221 776 1280; x_wconf 87' lang='lat' dir='ltr'><strong>tota</strong></span> <span class='ocrx_word' id='word_1_60' title='bbox 810 1206 942 1306; x_wconf 83' lang='lat' dir='ltr'><strong>reliqua</strong></span> <span class='ocrx_word' id='word_1_61' title='bbox 980 1207 1137 1280; x_wconf 84' lang='lat' dir='ltr'><strong>codicum</strong></span> <span class='ocrx_word' id='word_1_62' title='bbox 1171 1207 1346 1304; x_wconf 82' lang='lat' dir='ltr'><strong>farragine</strong></span> 
     </span>
     <span class='ocr_line' id='line_1_10' title="bbox 263 1306 1345 1409; baseline -0.001 -26"><span class='ocrx_word' id='word_1_63' title='bbox 263 1308 512 1397; x_wconf 84' lang='lat' dir='ltr'><strong>discernendus</strong></span> <span class='ocrx_word' id='word_1_64' title='bbox 532 1332 622 1381; x_wconf 88' lang='lat' dir='ltr'><strong>unus</strong></span> <span class='ocrx_word' id='word_1_65' title='bbox 645 1309 748 1382; x_wconf 81' lang='lat' dir='ltr'><strong>Later.</strong></span> <span class='ocrx_word' id='word_1_66' title='bbox 768 1310 802 1396; x_wconf 84' lang='lat' dir='ltr'><strong>l,</strong></span> <span class='ocrx_word' id='word_1_67' title='bbox 828 1326 865 1381; x_wconf 86' lang='lat' dir='ltr'><strong>ut</strong></span> <span class='ocrx_word' id='word_1_68' title='bbox 884 1308 944 1408; x_wconf 86' lang='lat' dir='ltr'><strong>qui</strong></span> <span class='ocrx_word' id='word_1_69' title='bbox 969 1306 1063 1382; x_wconf 85' lang='lat' dir='ltr'><strong>solos</strong></span> <span class='ocrx_word' id='word_1_70' title='bbox 1085 1336 1114 1382; x_wconf 90' lang='lat' dir='ltr'><strong>c.</strong></span> <span class='ocrx_word' id='word_1_71' title='bbox 1136 1311 1192 1382; x_wconf 77' lang='lat'><strong>12.</strong></span> <span class='ocrx_word' id='word_1_72' title='bbox 1217 1336 1252 1409; x_wconf 88' lang='lat' dir='ltr'><strong>p.</strong></span> <span class='ocrx_word' id='word_1_73' title='bbox 1270 1309 1345 1382; x_wconf 78' lang='lat'><strong>154</strong></span> 
     </span>
     <span class='ocr_line' id='line_1_11' title="bbox 264 1403 1345 1511; baseline -0.002 -26"><span class='ocrx_word' id='word_1_74' title='bbox 264 1410 432 1499; x_wconf 80' lang='lat' dir='ltr'><strong>exhibeat,</strong></span> <span class='ocrx_word' id='word_1_75' title='bbox 457 1436 546 1511; x_wconf 84' lang='lat' dir='ltr'><strong>qnae</strong></span> <span class='ocrx_word' id='word_1_76' title='bbox 572 1409 723 1483; x_wconf 87' lang='lat' dir='ltr'><strong>averbis</strong></span> <span class='ocrx_word' id='word_1_77' title='bbox 749 1408 809 1492; x_wconf 68' lang='grc' dir='ltr'><strong>ἔτι</strong></span> <span class='ocrx_word' id='word_1_78' title='bbox 836 1436 948 1511; x_wconf 87' lang='lat' dir='ltr'><strong>usque</strong></span> <span class='ocrx_word' id='word_1_79' title='bbox 973 1410 1018 1483; x_wconf 89' lang='lat' dir='ltr'><strong>ad</strong></span> <span class='ocrx_word' id='word_1_80' title='bbox 1042 1403 1219 1507; x_wconf 75' lang='grc' dir='ltr'><strong>δαίμονάς</strong></span> <span class='ocrx_word' id='word_1_81' title='bbox 1239 1441 1345 1493; x_wconf 71' lang='grc' dir='ltr'><strong><em>τινας</em></strong></span> 
     </span>
     <span class='ocr_line' id='line_1_12' title="bbox 263 1508 1344 1613; baseline -0.002 -27"><span class='ocrx_word' id='word_1_82' title='bbox 263 1513 440 1611; x_wconf 86' lang='lat' dir='ltr'><strong>leguntur:</strong></span> <span class='ocrx_word' id='word_1_83' title='bbox 466 1510 593 1613; x_wconf 85' lang='lat' dir='ltr'><strong>quibus</strong></span> <span class='ocrx_word' id='word_1_84' title='bbox 617 1529 656 1585; x_wconf 89' lang='lat' dir='ltr'><strong>ut</strong></span> <span class='ocrx_word' id='word_1_85' title='bbox 679 1508 837 1600; x_wconf 83' lang='lat' dir='ltr'><strong>efficitur,</strong></span> <span class='ocrx_word' id='word_1_86' title='bbox 860 1529 901 1584; x_wconf 86' lang='lat' dir='ltr'><strong>ut</strong></span> <span class='ocrx_word' id='word_1_87' title='bbox 922 1512 1043 1586; x_wconf 87' lang='lat' dir='ltr'><strong>ceteris</strong></span> <span class='ocrx_word' id='word_1_88' title='bbox 1070 1512 1230 1585; x_wconf 84' lang='lat' dir='ltr'><strong>omnibus</strong></span> <span class='ocrx_word' id='word_1_89' title='bbox 1253 1512 1344 1585; x_wconf 85' lang='lat' dir='ltr'><strong>Lau-</strong></span> 
     </span>
     <span class='ocr_line' id='line_1_13' title="bbox 263 1612 1344 1715; baseline -0.002 -26"><span class='ocrx_word' id='word_1_90' title='bbox 263 1614 427 1689; x_wconf 89' lang='lat' dir='ltr'><strong>rentianis</strong></span> <span class='ocrx_word' id='word_1_91' title='bbox 455 1612 511 1686; x_wconf 92' lang='lat' dir='ltr'><strong>ille</strong></span> <span class='ocrx_word' id='word_1_92' title='bbox 538 1630 646 1688; x_wconf 79' lang='lat' dir='ltr'><strong>aetate</strong></span> <span class='ocrx_word' id='word_1_93' title='bbox 671 1614 841 1687; x_wconf 71' lang='lat' dir='ltr'><strong>recentior</strong></span> <span class='ocrx_word' id='word_1_94' title='bbox 864 1631 1023 1714; x_wconf 86' lang='lat' dir='ltr'><strong>potetur,</strong></span> <span class='ocrx_word' id='word_1_95' title='bbox 1050 1614 1097 1687; x_wconf 84' lang='lat' dir='ltr'><strong>ita</strong></span> <span class='ocrx_word' id='word_1_96' title='bbox 1123 1640 1229 1715; x_wconf 81' lang='lat' dir='ltr'><strong>quum</strong></span> <span class='ocrx_word' id='word_1_97' title='bbox 1255 1642 1344 1715; x_wconf 87' lang='lat' dir='ltr'><strong>quae</strong></span> 
     </span>
     <span class='ocr_line' id='line_1_14' title="bbox 261 1706 1344 1837; baseline -0.003 -46"><span class='ocrx_word' id='word_1_98' title='bbox 261 1708 341 1837; x_wconf 73' lang='lat' dir='ltr'><strong>post</strong></span> <span class='ocrx_word' id='word_1_99' title='bbox 360 1714 462 1789; x_wconf 76' lang='lat' dir='ltr'><strong>verbe</strong></span> <span class='ocrx_word' id='word_1_100' title='bbox 487 1706 663 1816; x_wconf 71' lang='grc' dir='ltr'><strong>δαίμονάς</strong></span> <span class='ocrx_word' id='word_1_101' title='bbox 682 1746 790 1799; x_wconf 70' lang='grc' dir='ltr'><strong><em>τινας</em></strong></span> <span class='ocrx_word' id='word_1_102' title='bbox 810 1715 866 1787; x_wconf 32' lang='lat' dir='ltr'><strong>ad.</strong></span> <span class='ocrx_word' id='word_1_103' title='bbox 879 1714 981 1788; x_wconf 88' lang='lat' dir='ltr'><strong>linem</strong></span> <span class='ocrx_word' id='word_1_104' title='bbox 1004 1741 1114 1815; x_wconf 85' lang='lat' dir='ltr'><strong>usqne</strong></span> <span class='ocrx_word' id='word_1_105' title='bbox 1128 1714 1261 1816; x_wconf 82' lang='lat' dir='ltr'><strong>cepitis</strong></span> <span class='ocrx_word' id='word_1_106' title='bbox 1280 1715 1344 1789; x_wconf 88' lang='lat' dir='ltr'><strong>ad-</strong></span> 
     </span>
     <span class='ocr_line' id='line_1_15' title="bbox 261 1816 1344 1918; baseline -0.002 -26"><span class='ocrx_word' id='word_1_107' title='bbox 261 1820 444 1907; x_wconf 74' lang='lat' dir='ltr'><strong>iiciuntur,</strong></span> <span class='ocrx_word' id='word_1_108' title='bbox 475 1833 544 1891; x_wconf 87' lang='lat' dir='ltr'><strong>tam</strong></span> <span class='ocrx_word' id='word_1_109' title='bbox 572 1818 617 1891; x_wconf 87' lang='lat' dir='ltr'><strong>ab</strong></span> <span class='ocrx_word' id='word_1_110' title='bbox 641 1816 707 1891; x_wconf 81' lang='lat' dir='ltr'><strong>ltoc</strong></span> <span class='ocrx_word' id='word_1_111' title='bbox 723 1844 833 1918; x_wconf 81' lang='lat' dir='ltr'><strong>quam</strong></span> <span class='ocrx_word' id='word_1_112' title='bbox 859 1844 879 1891; x_wconf 88' lang='lat' dir='ltr'><strong>a</strong></span> <span class='ocrx_word' id='word_1_113' title='bbox 904 1818 1024 1893; x_wconf 90' lang='lat' dir='ltr'><strong>ceteris</strong></span> <span class='ocrx_word' id='word_1_114' title='bbox 1049 1816 1151 1892; x_wconf 84' lang='lat' dir='ltr'><strong>codd.</strong></span> <span class='ocrx_word' id='word_1_115' title='bbox 1175 1844 1344 1918; x_wconf 83' lang='lat' dir='ltr'><strong>respuan-</strong></span> 
     </span>
     <span class='ocr_line' id='line_1_16' title="bbox 261 1918 1343 2021; baseline -0.002 -27"><span class='ocrx_word' id='word_1_116' title='bbox 261 1920 453 2011; x_wconf 74' lang='lat' dir='ltr'><strong>tenetisne</strong></span> <span class='ocrx_word' id='word_1_117' title='bbox 472 1919 706 1994; x_wconf 41' lang='lat' dir='ltr'><strong>‘recensuero</strong></span> <span class='ocrx_word' id='word_1_118' title='bbox 733 1936 868 2020; x_wconf 87' lang='lat' dir='ltr'><strong>oportet</strong></span> <span class='ocrx_word' id='word_1_119' title='bbox 887 1918 992 1994; x_wconf 83' lang='lat' dir='ltr'><strong>luisse</strong></span> <span class='ocrx_word' id='word_1_120' title='bbox 1016 1918 1206 2021; x_wconf 82' lang='lat' dir='ltr'><strong>exemplum</strong></span> <span class='ocrx_word' id='word_1_121' title='bbox 1229 1919 1278 2007; x_wconf 86' lang='lat' dir='ltr'><strong>id,</strong></span> <span class='ocrx_word' id='word_1_122' title='bbox 1304 1946 1343 1993; x_wconf 86' lang='lat' dir='ltr'><strong>ex</strong></span> 
     </span>
     <span class='ocr_line' id='line_1_17' title="bbox 262 2020 1344 2127; baseline -0.002 -32"><span class='ocrx_word' id='word_1_123' title='bbox 262 2050 332 2125; x_wconf 87' lang='lat' dir='ltr'><strong>quo</strong></span> <span class='ocrx_word' id='word_1_124' title='bbox 361 2021 512 2122; x_wconf 86' lang='lat' dir='ltr'><strong>primum</strong></span> <span class='ocrx_word' id='word_1_125' title='bbox 542 2020 686 2095; x_wconf 86' lang='lat' dir='ltr'><strong>Cornuti</strong></span> <span class='ocrx_word' id='word_1_126' title='bbox 714 2038 891 2096; x_wconf 82' lang='lat' dir='ltr'><strong>contextus</strong></span> <span class='ocrx_word' id='word_1_127' title='bbox 923 2023 1014 2127; x_wconf 85' lang='lat' dir='ltr'><strong>typis</strong></span> <span class='ocrx_word' id='word_1_128' title='bbox 1047 2022 1240 2123; x_wconf 87' lang='lat' dir='ltr'><strong>descriptus</strong></span> <span class='ocrx_word' id='word_1_129' title='bbox 1268 2020 1344 2095; x_wconf 82' lang='lat' dir='ltr'><strong>fuit.</strong></span> 
     </span>
     <span class='ocr_line' id='line_1_18' title="bbox 262 2124 1341 2225; baseline -0.003 -26"><span class='ocrx_word' id='word_1_130' title='bbox 262 2128 396 2199; x_wconf 83' lang='lat' dir='ltr'><strong>Rursus</strong></span> <span class='ocrx_word' id='word_1_131' title='bbox 418 2125 563 2198; x_wconf 80' lang='lat' dir='ltr'><strong>Leur.2</strong></span> <span class='ocrx_word' id='word_1_132' title='bbox 589 2141 621 2197; x_wconf 92' lang='lat' dir='ltr'><strong>et</strong></span> <span class='ocrx_word' id='word_1_133' title='bbox 645 2124 753 2198; x_wconf 85' lang='lat' dir='ltr'><strong>Paris.</strong></span> <span class='ocrx_word' id='word_1_134' title='bbox 777 2126 795 2197; x_wconf 91' lang='lat'>1</span> <span class='ocrx_word' id='word_1_135' title='bbox 823 2124 1038 2225; x_wconf 84' lang='lat' dir='ltr'><strong>aliquatenus</strong></span> <span class='ocrx_word' id='word_1_136' title='bbox 1057 2150 1100 2198; x_wconf 90' lang='lat' dir='ltr'><strong>eo</strong></span> <span class='ocrx_word' id='word_1_137' title='bbox 1123 2124 1341 2211; x_wconf 83' lang='lat' dir='ltr'><strong>conveniunt,</strong></span> 
     </span>
     <span class='ocr_line' id='line_1_19' title="bbox 261 2224 1344 2329; baseline -0.001 -29"><span class='ocrx_word' id='word_1_138' title='bbox 261 2227 356 2329; x_wconf 89' lang='lat' dir='ltr'><strong>qood</strong></span> <span class='ocrx_word' id='word_1_139' title='bbox 376 2254 406 2304; x_wconf 91' lang='lat' dir='ltr'><strong>c.</strong></span> <span class='ocrx_word' id='word_1_140' title='bbox 425 2224 486 2300; x_wconf 91' lang='lat' dir='ltr'><strong>ult.</strong></span> <span class='ocrx_word' id='word_1_141' title='bbox 509 2252 542 2327; x_wconf 88' lang='lat' dir='ltr'><strong>p.</strong></span> <span class='ocrx_word' id='word_1_142' title='bbox 560 2226 639 2300; x_wconf 78' lang='grc'><strong>234</strong></span> <span class='ocrx_word' id='word_1_143' title='bbox 660 2224 716 2298; x_wconf 86' lang='lat' dir='ltr'><strong>ltic</strong></span> <span class='ocrx_word' id='word_1_144' title='bbox 735 2254 766 2299; x_wconf 83' lang='lat' dir='ltr'><strong>v.</strong></span> <span class='ocrx_word' id='word_1_145' title='bbox 789 2226 1035 2316; x_wconf 65' lang='grc' dir='ltr'><strong>ὲπιθεῃκῶς,</strong></span> <span class='ocrx_word' id='word_1_146' title='bbox 1056 2225 1113 2299; x_wconf 93' lang='lat' dir='ltr'><strong>ille</strong></span> <span class='ocrx_word' id='word_1_147' title='bbox 1138 2254 1168 2299; x_wconf 84' lang='lat' dir='ltr'><strong>v.</strong></span> <span class='ocrx_word' id='word_1_148' title='bbox 1189 2225 1344 2327; x_wconf 78' lang='lat' dir='ltr'><strong>proxime</strong></span> 
     </span>
     <span class='ocr_line' id='line_1_20' title="bbox 260 2318 1164 2434; baseline -0.004 -32"><span class='ocrx_word' id='word_1_149' title='bbox 260 2328 486 2430; x_wconf 79' lang='lat' dir='ltr'><strong>praecedente</strong></span> <span class='ocrx_word' id='word_1_150' title='bbox 511 2318 717 2434; x_wconf 68' lang='grc' dir='ltr'><strong><em>φροντίδων</em></strong></span> <span class='ocrx_word' id='word_1_151' title='bbox 742 2326 913 2400; x_wconf 85' lang='lat' dir='ltr'><strong>desinunt.</strong></span> <span class='ocrx_word' id='word_1_152' title='bbox 1161 2338 1164 2343; x_wconf 82' lang='grc'><strong>’</strong></span> 
     </span>
     <span class='ocr_line' id='line_1_21' title="bbox 338 2427 1343 2548; baseline -0.002 -44"><span class='ocrx_word' id='word_1_153' title='bbox 338 2429 628 2518; x_wconf 77' lang='lat' dir='ltr'><strong>Commentarios,</strong></span> <span class='ocrx_word' id='word_1_154' title='bbox 658 2428 703 2501; x_wconf 85' lang='lat' dir='ltr'><strong>ad</strong></span> <span class='ocrx_word' id='word_1_155' title='bbox 728 2455 816 2548; x_wconf 70' lang='lat' dir='ltr'><strong>qnos</strong></span> <span class='ocrx_word' id='word_1_156' title='bbox 835 2447 991 2517; x_wconf 87' lang='lat' dir='ltr'><strong>transeo,</strong></span> <span class='ocrx_word' id='word_1_157' title='bbox 1019 2429 1055 2502; x_wconf 91' lang='lat' dir='ltr'><strong>in</strong></span> <span class='ocrx_word' id='word_1_158' title='bbox 1080 2428 1223 2504; x_wconf 88' lang='lat' dir='ltr'><strong>Cornuti</strong></span> <span class='ocrx_word' id='word_1_159' title='bbox 1244 2427 1343 2502; x_wconf 89' lang='lat' dir='ltr'><strong>libel-</strong></span> 
     </span>
     <span class='ocr_line' id='line_1_22' title="bbox 262 2529 1343 2632; baseline -0.002 -28"><span class='ocrx_word' id='word_1_160' title='bbox 262 2531 332 2604; x_wconf 90' lang='lat' dir='ltr'><strong>lnm</strong></span> <span class='ocrx_word' id='word_1_161' title='bbox 359 2531 587 2632; x_wconf 88' lang='lat' dir='ltr'><strong>amplissimos</strong></span> <span class='ocrx_word' id='word_1_162' title='bbox 613 2550 872 2632; x_wconf 76' lang='lat' dir='ltr'><strong>conscriptores</strong></span> <span class='ocrx_word' id='word_1_163' title='bbox 894 2531 1104 2606; x_wconf 88' lang='lat' dir='ltr'><strong>Villoisonus</strong></span> <span class='ocrx_word' id='word_1_164' title='bbox 1129 2529 1194 2604; x_wconf 85' lang='lat' dir='ltr'><strong>hoc</strong></span> <span class='ocrx_word' id='word_1_165' title='bbox 1218 2548 1343 2629; x_wconf 83' lang='lat' dir='ltr'><strong>egerat,</strong></span> 
     </span>
     <span class='ocr_line' id='line_1_23' title="bbox 260 2631 1343 2734; baseline -0.003 -26"><span class='ocrx_word' id='word_1_166' title='bbox 260 2651 299 2708; x_wconf 85' lang='lat' dir='ltr'><strong>ut</strong></span> <span class='ocrx_word' id='word_1_167' title='bbox 321 2633 474 2732; x_wconf 87' lang='lat' dir='ltr'><strong>legendis</strong></span> <span class='ocrx_word' id='word_1_168' title='bbox 499 2631 611 2706; x_wconf 89' lang='lat' dir='ltr'><strong>omnis</strong></span> <span class='ocrx_word' id='word_1_169' title='bbox 635 2635 772 2730; x_wconf 85' lang='lat' dir='ltr'><strong>generis</strong></span> <span class='ocrx_word' id='word_1_170' title='bbox 794 2653 827 2709; x_wconf 88' lang='lat' dir='ltr'><strong>et</strong></span> <span class='ocrx_word' id='word_1_171' title='bbox 852 2635 970 2710; x_wconf 80' lang='lat' dir='ltr'><strong>aetatis</strong></span> <span class='ocrx_word' id='word_1_172' title='bbox 999 2633 1226 2734; x_wconf 75' lang='lat' dir='ltr'><strong>scriptoribus</strong></span> <span class='ocrx_word' id='word_1_173' title='bbox 1250 2633 1343 2706; x_wconf 89' lang='lat' dir='ltr'><strong>Lati-</strong></span> 
     </span>
     <span class='ocr_line' id='line_1_24' title="bbox 262 2735 1343 2837; baseline -0.002 -27"><span class='ocrx_word' id='word_1_174' title='bbox 262 2737 316 2810; x_wconf 85' lang='lat' dir='ltr'><strong>nis</strong></span> <span class='ocrx_word' id='word_1_175' title='bbox 352 2738 482 2837; x_wconf 89' lang='lat' dir='ltr'><strong>pariter</strong></span> <span class='ocrx_word' id='word_1_176' title='bbox 516 2763 556 2810; x_wconf 86' lang='lat' dir='ltr'><strong>ac</strong></span> <span class='ocrx_word' id='word_1_177' title='bbox 590 2735 731 2810; x_wconf 87' lang='lat' dir='ltr'><strong>Graecis</strong></span> <span class='ocrx_word' id='word_1_178' title='bbox 764 2761 887 2811; x_wconf 56' lang='lat' dir='ltr'><strong>omnes&gt;</strong></span> <span class='ocrx_word' id='word_1_179' title='bbox 914 2763 973 2810; x_wconf 88' lang='lat' dir='ltr'><strong>eos</strong></span> <span class='ocrx_word' id='word_1_180' title='bbox 1006 2735 1100 2810; x_wconf 90' lang='lat' dir='ltr'><strong>locos</strong></span> <span class='ocrx_word' id='word_1_181' title='bbox 1129 2737 1166 2809; x_wconf 90' lang='lat' dir='ltr'><strong>in</strong></span> <span class='ocrx_word' id='word_1_182' title='bbox 1197 2735 1343 2810; x_wconf 84' lang='lat' dir='ltr'><strong>schedas</strong></span> 
     </span>
     <span class='ocr_line' id='line_1_25' title="bbox 262 2835 1343 2938; baseline -0.003 -26"><span class='ocrx_word' id='word_1_183' title='bbox 262 2840 413 2927; x_wconf 81' lang='lat' dir='ltr'><strong>referret,</strong></span> <span class='ocrx_word' id='word_1_184' title='bbox 443 2838 502 2938; x_wconf 88' lang='lat' dir='ltr'><strong>qui</strong></span> <span class='ocrx_word' id='word_1_185' title='bbox 531 2838 576 2911; x_wconf 84' lang='lat' dir='ltr'><strong>ad</strong></span> <span class='ocrx_word' id='word_1_186' title='bbox 603 2835 805 2913; x_wconf 85' lang='lat' dir='ltr'><strong>illustranda</strong></span> <span class='ocrx_word' id='word_1_187' title='bbox 831 2838 974 2913; x_wconf 82' lang='lat' dir='ltr'><strong>Cornuti</strong></span> <span class='ocrx_word' id='word_1_188' title='bbox 1003 2836 1054 2912; x_wconf 83' lang='lat' dir='ltr'><strong>vel</strong></span> <span class='ocrx_word' id='word_1_189' title='bbox 1078 2839 1180 2913; x_wconf 79' lang='lat' dir='ltr'><strong>rerba</strong></span> <span class='ocrx_word' id='word_1_190' title='bbox 1207 2836 1257 2911; x_wconf 83' lang='lat' dir='ltr'><strong>rel</strong></span> <span class='ocrx_word' id='word_1_191' title='bbox 1286 2865 1343 2910; x_wconf 83' lang='lat' dir='ltr'><strong>ar·-</strong></span> 
     </span>
     <span class='ocr_line' id='line_1_26' title="bbox 262 2939 1342 3040; baseline -0.001 -27"><span class='ocrx_word' id='word_1_192' title='bbox 262 2959 422 3040; x_wconf 85' lang='lat' dir='ltr'><strong>gomenta</strong></span> <span class='ocrx_word' id='word_1_193' title='bbox 441 2939 483 3013; x_wconf 87' lang='lat' dir='ltr'><strong>ali</strong></span> <span class='ocrx_word' id='word_1_194' title='bbox 512 2957 654 3014; x_wconf 82' lang='lat' dir='ltr'><strong>eatenus</strong></span> <span class='ocrx_word' id='word_1_195' title='bbox 674 2941 846 3040; x_wconf 87' lang='lat' dir='ltr'><strong>pertinere</strong></span> <span class='ocrx_word' id='word_1_196' title='bbox 863 2941 1071 3016; x_wconf 84' lang='lat' dir='ltr'><strong>viderentur.</strong></span> <span class='ocrx_word' id='word_1_197' title='bbox 1122 2943 1216 3014; x_wconf 88' lang='lat' dir='ltr'><strong>llaec</strong></span> <span class='ocrx_word' id='word_1_198' title='bbox 1236 2966 1342 3040; x_wconf 85' lang='lat' dir='ltr'><strong>quum</strong></span> 
     </span>
     <span class='ocr_line' id='line_1_27' title="bbox 262 2969 1344 3145; baseline 0 -31"><span class='ocrx_word' id='word_1_199' title='bbox 262 3069 331 3114; x_wconf 91' lang='lat' dir='ltr'><strong>non</strong></span> <span class='ocrx_word' id='word_1_200' title='bbox 356 3043 423 3116; x_wconf 84' lang='lat' dir='ltr'><strong>alio</strong></span> <span class='ocrx_word' id='word_1_201' title='bbox 444 2969 565 3116; x_wconf 80' lang='lat' dir='ltr'><strong>ordine</strong></span> <span class='ocrx_word' id='word_1_202' title='bbox 582 3042 710 3120; x_wconf 88' lang='lat' dir='ltr'><strong>chartis</strong></span> <span class='ocrx_word' id='word_1_203' title='bbox 730 3045 894 3119; x_wconf 82' lang='lat' dir='ltr'><strong>mandata</strong></span> <span class='ocrx_word' id='word_1_204' title='bbox 919 3063 1030 3118; x_wconf 87' lang='lat' dir='ltr'><strong>essent</strong></span> <span class='ocrx_word' id='word_1_205' title='bbox 1051 3071 1153 3145; x_wconf 80' lang='lat' dir='ltr'><strong>qoam</strong></span> <span class='ocrx_word' id='word_1_206' title='bbox 1176 3069 1246 3144; x_wconf 87' lang='lat' dir='ltr'><strong>qno</strong></span> <span class='ocrx_word' id='word_1_207' title='bbox 1268 3043 1279 3115; x_wconf 90' lang='lat' dir='ltr'>i</span> <span class='ocrx_word' id='word_1_208' title='bbox 1325 3069 1344 3115; x_wconf 92' lang='lat' dir='ltr'><strong>e</strong></span> 
     </span>
     <span class='ocr_line' id='line_1_28' title="bbox 262 3069 1344 3247; baseline -0.002 -29"><span class='ocrx_word' id='word_1_209' title='bbox 262 3144 446 3245; x_wconf 85' lang='lat' dir='ltr'><strong>scriptores</strong></span> <span class='ocrx_word' id='word_1_210' title='bbox 476 3145 638 3247; x_wconf 89' lang='lat' dir='ltr'><strong>deinceps</strong></span> <span class='ocrx_word' id='word_1_211' title='bbox 662 3145 791 3244; x_wconf 77' lang='lat' dir='ltr'><strong>legerat</strong></span> <span class='ocrx_word' id='word_1_212' title='bbox 812 3165 845 3220; x_wconf 93' lang='lat' dir='ltr'><strong>et</strong></span> <span class='ocrx_word' id='word_1_213' title='bbox 871 3163 1102 3247; x_wconf 83' lang='lat' dir='ltr'><strong>excerpserat,</strong></span> <span class='ocrx_word' id='word_1_214' title='bbox 1126 3069 1344 3221; x_wconf 65' lang='lat' dir='ltr'><strong>contumil-</strong></span> 
     </span>
     <span class='ocr_line' id='line_1_29' title="bbox 263 3244 1344 3348; baseline -0.005 -26"><span class='ocrx_word' id='word_1_215' title='bbox 263 3273 380 3322; x_wconf 86' lang='lat' dir='ltr'><strong>corum</strong></span> <span class='ocrx_word' id='word_1_216' title='bbox 406 3246 646 3348; x_wconf 80' lang='lat' dir='ltr'><strong>parallelorum</strong></span> <span class='ocrx_word' id='word_1_217' title='bbox 673 3265 705 3322; x_wconf 92' lang='lat' dir='ltr'><strong>et</strong></span> <span class='ocrx_word' id='word_1_218' title='bbox 734 3248 1070 3323; x_wconf 81' lang='lat' dir='ltr'><strong>animadversionum</strong></span> <span class='ocrx_word' id='word_1_219' title='bbox 1098 3247 1204 3322; x_wconf 84' lang='lat' dir='ltr'><strong>moles</strong></span> <span class='ocrx_word' id='word_1_220' title='bbox 1228 3244 1344 3333; x_wconf 81' lang='lat' dir='ltr'><strong>erasit,</strong></span> 
     </span>
     <span class='ocr_line' id='line_1_30' title="bbox 264 3349 1342 3456; baseline -0.001 -35"><span class='ocrx_word' id='word_1_221' title='bbox 264 3375 282 3421; x_wconf 84' lang='lat' dir='ltr'><strong>a</strong></span> <span class='ocrx_word' id='word_1_222' title='bbox 318 3377 372 3424; x_wconf 89' lang='lat' dir='ltr'><strong>tne</strong></span> <span class='ocrx_word' id='word_1_223' title='bbox 407 3349 543 3424; x_wconf 84' lang='lat' dir='ltr'><strong>demum</strong></span> <span class='ocrx_word' id='word_1_224' title='bbox 576 3351 782 3450; x_wconf 87' lang='lat' dir='ltr'><strong>digerenda,</strong></span> <span class='ocrx_word' id='word_1_225' title='bbox 820 3351 927 3426; x_wconf 87' lang='lat' dir='ltr'><strong>etita</strong></span> <span class='ocrx_word' id='word_1_226' title='bbox 959 3350 1098 3456; x_wconf 85' lang='lat' dir='ltr'><strong>quidem</strong></span> <span class='ocrx_word' id='word_1_227' title='bbox 1126 3368 1165 3424; x_wconf 89' lang='lat' dir='ltr'><strong>nt</strong></span> <span class='ocrx_word' id='word_1_228' title='bbox 1191 3350 1342 3450; x_wconf 88' lang='lat' dir='ltr'><strong>primurn</strong></span> 
     </span>
     <span class='ocr_line' id='line_1_31' title="bbox 263 3449 1344 3551; baseline -0.001 -28"><span class='ocrx_word' id='word_1_229' title='bbox 263 3451 426 3541; x_wconf 70' lang='lat' dir='ltr'><strong>rescissis</strong></span> <span class='ocrx_word' id='word_1_230' title='bbox 447 3449 572 3525; x_wconf 88' lang='lat' dir='ltr'><strong>deinde</strong></span> <span class='ocrx_word' id='word_1_231' title='bbox 590 3481 629 3527; x_wconf 88' lang='lat' dir='ltr'><strong>ex</strong></span> <span class='ocrx_word' id='word_1_232' title='bbox 646 3453 770 3527; x_wconf 90' lang='lat' dir='ltr'><strong>ordine</strong></span> <span class='ocrx_word' id='word_1_233' title='bbox 789 3470 966 3528; x_wconf 84' lang='lat' dir='ltr'><strong>contextus</strong></span> <span class='ocrx_word' id='word_1_234' title='bbox 980 3454 1071 3528; x_wconf 91' lang='lat' dir='ltr'><strong>inter</strong></span> <span class='ocrx_word' id='word_1_235' title='bbox 1088 3478 1125 3524; x_wconf 89' lang='lat' dir='ltr'><strong>se</strong></span> <span class='ocrx_word' id='word_1_236' title='bbox 1145 3450 1344 3551; x_wconf 88' lang='lat' dir='ltr'><strong>compositis</strong></span> 
     </span>
     <span class='ocr_line' id='line_1_32' title="bbox 262 3553 1345 3656; baseline -0.001 -31"><span class='ocrx_word' id='word_1_237' title='bbox 262 3553 406 3651; x_wconf 90' lang='lat' dir='ltr'><strong>singulis</strong></span> <span class='ocrx_word' id='word_1_238' title='bbox 433 3553 588 3642; x_wconf 82' lang='lat' dir='ltr'><strong>schedis,</strong></span> <span class='ocrx_word' id='word_1_239' title='bbox 618 3582 706 3656; x_wconf 89' lang='lat' dir='ltr'><strong>quae</strong></span> <span class='ocrx_word' id='word_1_240' title='bbox 732 3572 830 3630; x_wconf 86' lang='lat' dir='ltr'><strong>antea</strong></span> <span class='ocrx_word' id='word_1_241' title='bbox 857 3583 874 3629; x_wconf 91' lang='lat' dir='ltr'><strong>s</strong></span> <span class='ocrx_word' id='word_1_242' title='bbox 901 3557 1003 3629; x_wconf 86' lang='lat' dir='ltr'><strong>arsim</strong></span> <span class='ocrx_word' id='word_1_243' title='bbox 1032 3553 1193 3627; x_wconf 84' lang='lat' dir='ltr'><strong>adnotata</strong></span> <span class='ocrx_word' id='word_1_244' title='bbox 1223 3568 1345 3642; x_wconf 86' lang='lat' dir='ltr'><strong>essent,</strong></span> 
     </span>
     <span class='ocr_line' id='line_1_33' title="bbox 262 3583 1345 3758; baseline -0.002 -30"><span class='ocrx_word' id='word_1_245' title='bbox 262 3656 376 3730; x_wconf 90' lang='lat' dir='ltr'><strong>omnia</strong></span> <span class='ocrx_word' id='word_1_246' title='bbox 403 3683 495 3730; x_wconf 86' lang='lat' dir='ltr'><strong>nunc</strong></span> <span class='ocrx_word' id='word_1_247' title='bbox 519 3657 613 3732; x_wconf 85' lang='lat' dir='ltr'><strong>iuna</strong></span> <span class='ocrx_word' id='word_1_248' title='bbox 637 3658 749 3758; x_wconf 88' lang='lat' dir='ltr'><strong>posita</strong></span> <span class='ocrx_word' id='word_1_249' title='bbox 771 3675 805 3730; x_wconf 91' lang='lat' dir='ltr'><strong>et</strong></span> <span class='ocrx_word' id='word_1_250' title='bbox 824 3583 947 3732; x_wconf 85' lang='lat' dir='ltr'><strong>ordine</strong></span> <span class='ocrx_word' id='word_1_251' title='bbox 974 3673 1139 3757; x_wconf 88' lang='lat' dir='ltr'><strong>quantum</strong></span> <span class='ocrx_word' id='word_1_252' title='bbox 1165 3653 1239 3728; x_wconf 86' lang='lat' dir='ltr'><strong>lieri</strong></span> <span class='ocrx_word' id='word_1_253' title='bbox 1261 3681 1345 3753; x_wconf 87' lang='lat' dir='ltr'><strong>pos-</strong></span> 
     </span>
     <span class='ocr_line' id='line_1_34' title="bbox 263 3756 1344 3860; baseline 0 -32"><span class='ocrx_word' id='word_1_254' title='bbox 263 3773 313 3829; x_wconf 88' lang='lat' dir='ltr'><strong>set</strong></span> <span class='ocrx_word' id='word_1_255' title='bbox 337 3758 428 3830; x_wconf 90' lang='lat' dir='ltr'><strong>iusto</strong></span> <span class='ocrx_word' id='word_1_256' title='bbox 453 3759 635 3832; x_wconf 84' lang='lat' dir='ltr'><strong>coniuncta</strong></span> <span class='ocrx_word' id='word_1_257' title='bbox 661 3786 770 3832; x_wconf 90' lang='lat' dir='ltr'><strong>unum</strong></span> <span class='ocrx_word' id='word_1_258' title='bbox 796 3759 862 3833; x_wconf 85' lang='lat' dir='ltr'><strong>snb</strong></span> <span class='ocrx_word' id='word_1_259' title='bbox 884 3775 1107 3860; x_wconf 88' lang='lat' dir='ltr'><strong>conspectum</strong></span> <span class='ocrx_word' id='word_1_260' title='bbox 1136 3756 1344 3831; x_wconf 86' lang='lat' dir='ltr'><strong>collocaren-</strong></span> 
     </span>
     <span class='ocr_line' id='line_1_35' title="bbox 263 3858 1345 3959; baseline -0.002 -29"><span class='ocrx_word' id='word_1_261' title='bbox 263 3876 328 3932; x_wconf 89' lang='lat' dir='ltr'><strong>tur.</strong></span> <span class='ocrx_word' id='word_1_262' title='bbox 379 3858 428 3930; x_wconf 88' lang='lat' dir='ltr'><strong>Ea</strong></span> <span class='ocrx_word' id='word_1_263' title='bbox 455 3874 492 3930; x_wconf 91' lang='lat' dir='ltr'><strong>ut</strong></span> <span class='ocrx_word' id='word_1_264' title='bbox 520 3861 665 3933; x_wconf 81' lang='lat' dir='ltr'><strong>maxime</strong></span> <span class='ocrx_word' id='word_1_265' title='bbox 694 3860 843 3935; x_wconf 89' lang='lat' dir='ltr'><strong>taediosa</strong></span> <span class='ocrx_word' id='word_1_266' title='bbox 870 3860 974 3934; x_wconf 81' lang='lat' dir='ltr'><strong>officii</strong></span> <span class='ocrx_word' id='word_1_267' title='bbox 1000 3861 1067 3934; x_wconf 90' lang='lat' dir='ltr'><strong>mei</strong></span> <span class='ocrx_word' id='word_1_268' title='bbox 1093 3885 1174 3959; x_wconf 86' lang='lat' dir='ltr'><strong>pars</strong></span> <span class='ocrx_word' id='word_1_269' title='bbox 1203 3877 1235 3933; x_wconf 90' lang='lat' dir='ltr'><strong>et</strong></span> <span class='ocrx_word' id='word_1_270' title='bbox 1262 3883 1345 3930; x_wconf 91' lang='lat' dir='ltr'><strong>one-</strong></span> 
     </span>
     <span class='ocr_line' id='line_1_36' title="bbox 264 3958 1346 4079; baseline -0.002 -47"><span class='ocrx_word' id='word_1_271' title='bbox 264 3987 341 4034; x_wconf 87' lang='lat' dir='ltr'><strong>rosa</strong></span> <span class='ocrx_word' id='word_1_272' title='bbox 371 3959 447 4048; x_wconf 89' lang='lat' dir='ltr'><strong>suit,</strong></span> <span class='ocrx_word' id='word_1_273' title='bbox 471 3959 613 4035; x_wconf 85' lang='lat' dir='ltr'><strong>ita&#39;non</strong></span> <span class='ocrx_word' id='word_1_274' title='bbox 636 3961 751 4079; x_wconf 92' lang='lat' dir='ltr'><strong>potuit</strong></span> <span class='ocrx_word' id='word_1_275' title='bbox 778 3989 848 4035; x_wconf 92' lang='lat' dir='ltr'><strong>non</strong></span> <span class='ocrx_word' id='word_1_276' title='bbox 873 3986 937 4063; x_wconf 90' lang='lat' dir='ltr'><strong>pro</strong></span> <span class='ocrx_word' id='word_1_277' title='bbox 966 3962 1015 4036; x_wconf 91' lang='lat' dir='ltr'><strong>rei</strong></span> <span class='ocrx_word' id='word_1_278' title='bbox 1042 3959 1239 4036; x_wconf 89' lang='lat' dir='ltr'><strong>conditione</strong></span> <span class='ocrx_word' id='word_1_279' title='bbox 1259 3958 1346 4047; x_wconf 82' lang='lat' dir='ltr'><strong>lieri,</strong></span> 
     </span>
     <span class='ocr_line' id='line_1_37' title="bbox 265 4056 1346 4161; baseline -0.003 -28"><span class='ocrx_word' id='word_1_280' title='bbox 265 4061 348 4161; x_wconf 91' lang='lat' dir='ltr'><strong>quin</strong></span> <span class='ocrx_word' id='word_1_281' title='bbox 372 4061 613 4138; x_wconf 76' lang='lat' dir='ltr'><strong>Commentarii</strong></span> <span class='ocrx_word' id='word_1_282' title='bbox 635 4079 680 4139; x_wconf 81' lang='lat' dir='ltr'><strong>rte</strong></span> <span class='ocrx_word' id='word_1_283' title='bbox 705 4056 849 4138; x_wconf 83' lang='lat' dir='ltr'><strong>confecti</strong></span> <span class='ocrx_word' id='word_1_284' title='bbox 875 4067 974 4138; x_wconf 84' lang='lat' dir='ltr'><strong>etiam</strong></span> <span class='ocrx_word' id='word_1_285' title='bbox 997 4093 1091 4138; x_wconf 93' lang='lat' dir='ltr'><strong>nunc</strong></span> <span class='ocrx_word' id='word_1_286' title='bbox 1116 4061 1214 4136; x_wconf 87' lang='lat' dir='ltr'><strong>rudis</strong></span> <span class='ocrx_word' id='word_1_287' title='bbox 1238 4088 1346 4161; x_wconf 87' lang='lat' dir='ltr'><strong>paene</strong></span> 
     </span>
     <span class='ocr_line' id='line_1_38' title="bbox 265 4161 1347 4266; baseline -0.003 -30"><span class='ocrx_word' id='word_1_288' title='bbox 265 4161 365 4236; x_wconf 84' lang='lat' dir='ltr'><strong>molis</strong></span> <span class='ocrx_word' id='word_1_289' title='bbox 386 4165 532 4263; x_wconf 86' lang='lat' dir='ltr'><strong>speciem</strong></span> <span class='ocrx_word' id='word_1_290' title='bbox 553 4191 636 4265; x_wconf 89' lang='lat' dir='ltr'><strong>prae</strong></span> <span class='ocrx_word' id='word_1_291' title='bbox 657 4191 693 4238; x_wconf 89' lang='lat' dir='ltr'><strong>se</strong></span> <span class='ocrx_word' id='word_1_292' title='bbox 713 4165 851 4257; x_wconf 82' lang='lat' dir='ltr'><strong>ferrent,</strong></span> <span class='ocrx_word' id='word_1_293' title='bbox 871 4167 906 4239; x_wconf 91' lang='lat' dir='ltr'><strong>in</strong></span> <span class='ocrx_word' id='word_1_294' title='bbox 931 4165 1059 4266; x_wconf 85' lang='lat' dir='ltr'><strong>quihus</strong></span> <span class='ocrx_word' id='word_1_295' title='bbox 1080 4165 1185 4242; x_wconf 87' lang='lat' dir='ltr'><strong>multa</strong></span> <span class='ocrx_word' id='word_1_296' title='bbox 1206 4163 1347 4263; x_wconf 85' lang='lat' dir='ltr'><strong>quidem</strong></span> 
     </span>
     <span class='ocr_line' id='line_1_39' title="bbox 264 4263 1345 4367; baseline -0.003 -30"><span class='ocrx_word' id='word_1_297' title='bbox 264 4267 400 4362; x_wconf 82' lang='lat' dir='ltr'><strong>egregie</strong></span> <span class='ocrx_word' id='word_1_298' title='bbox 423 4265 512 4338; x_wconf 84' lang='lat' dir='ltr'><strong>dicta</strong></span> <span class='ocrx_word' id='word_1_299' title='bbox 538 4283 570 4338; x_wconf 93' lang='lat' dir='ltr'><strong>et</strong></span> <span class='ocrx_word' id='word_1_300' title='bbox 597 4282 674 4366; x_wconf 90' lang='lat' dir='ltr'><strong>apte</strong></span> <span class='ocrx_word' id='word_1_301' title='bbox 700 4266 789 4341; x_wconf 86' lang='lat' dir='ltr'><strong>inter</strong></span> <span class='ocrx_word' id='word_1_302' title='bbox 814 4296 850 4341; x_wconf 89' lang='lat' dir='ltr'><strong>se</strong></span> <span class='ocrx_word' id='word_1_303' title='bbox 878 4266 999 4348; x_wconf 83' lang='lat' dir='ltr'><strong>collata</strong></span> <span class='ocrx_word' id='word_1_304' title='bbox 1025 4269 1253 4367; x_wconf 79' lang='lat' dir='ltr'><strong>reperiuntur,</strong></span> <span class='ocrx_word' id='word_1_305' title='bbox 1279 4263 1345 4336; x_wconf 85' lang='lat' dir='ltr'><strong>alia</strong></span> 
     </span>
    </p>
   </div>
   <div class='ocr_carea' id='block_1_3' title="bbox 0 0 1498 4825">
    <p class='ocr_par' dir='ltr' id='par_1_3' title="bbox 0 0 1498 4825">
     <span class='ocr_line' id='line_1_40' title="bbox 0 0 1498 4825; baseline 0 0"><span class='ocrx_word' id='word_1_306' title='bbox 0 0 1498 4825; x_wconf 95' lang='lat' dir='ltr'><strong> </strong></span> 
     </span>
    </p>
   </div>
  </div>
 </body>
</html>
