2984 4825
669 364 712 375 --
766 347 848 387 ΧΠΙΙ
902 364 945 374 -·

267 498 485 580 philosophiae
516 510 638 561 tantum
662 498 861 578 cognitione,
887 497 943 561 sed
969 498 1184 577 grammaticae
1213 519 1349 582 quoque,

267 601 441 663 rhetoricae
475 614 568 684 atque
599 602 740 683 poeticae
774 622 833 663 usu
864 602 1015 681 singulari
1046 603 1203 683 praestitit
1215 602 1254 685 ⁸).
1278 645 1287 663 .
1310 646 1350 664 ..

267 706 407 766 Maxime
437 716 541 766 tamen
570 704 791 784 philosophiae
815 704 940 765 Stoicae
962 726 994 766 se
1016 702 1102 767 dedit
1123 726 1254 786 eamque
1277 725 1351 785 pro·

267 808 364 869 lessus
386 808 501 869 Romae
522 807 679 869 iuventuti
701 804 740 866 ad
763 807 936 886 sapientiae
959 805 1097 868 studium
1116 808 1261 888 praeivit,
1284 826 1351 868 mo·

266 931 365 991 reque
386 910 649 990 philosophorum
668 908 786 969 Romae
809 921 877 969 tum
899 911 1158 972 commorantium
1175 910 1350 971 convictum

266 1012 558 1093 philosophantium
571 1012 666 1091 aluit3
689 1024 906 1095 memoratque
923 1026 1031 1074 auctor
1043 1014 1126 1075 vitae
1138 1013 1246 1089 Persii,
1258 1034 1350 1094 quem

266 1116 411 1199 plerique
435 1115 620 1177 Suetonium
643 1134 710 1176 esee
732 1117 861 1191 volunt,
897 1137 977 1178 asma
989 1117 1082 1196 saissa
1101 1117 1241 1178 Persium
1261 1137 1351 1197 prae·

267 1231 316 1280 ter
336 1220 496 1279 Lucanum
523 1230 647 1299 poetam
671 1221 752 1301 apud
772 1221 927 1282 Cornutum
952 1224 1076 1279 comas
1101 1221 1222 1281 duorum
1249 1221 1351 1280 doctis·

267 1330 398 1384 simorum
422 1337 448 1385 et
470 1330 707 1385 sanctissimarum
731 1329 864 1398 virorum,
885 1328 989 1383 acriter
1007 1335 1073 1383 tunc
1091 1324 1350 1403 philosaphamr'um,

268 1428 384 1489 Claudii
402 1428 543 1505 Agaterm'
552 1425 598 1511 **)
620 1428 726 1487 medici
743 1427 965 1487 Lacedaemonii
981 1437 1008 1485 et
1025 1427 1152 1487 Petronii
1169 1428 1352 1485 Arisracratr's

269 1532 420 1606 Magnetis,
442 1550 511 1611 qaas
536 1535 614 1589 amice
635 1534 755 1589 miratus
776 1533 812 1588 sit
833 1540 859 1589 et
881 1530 1048 1603 aemulatus,
1068 1550 1132 1589 cum
1154 1532 1289 1611 aequales
1306 1550 1352 1588 es·

266 1645 324 1693 sent
357 1645 384 1693 et
411 1633 533 1693 Cornuto
564 1636 683 1691 minores
696 1628 768 1711 ¹lm).
819 1628 1006 1710 Tantusque
1035 1630 1096 1691 tuis
1125 1631 1351 1710 philosophan-

266 1734 363 1811 tium,
385 1733 528 1795 Cnrnuto
552 1728 644 1809 duce,
667 1750 755 1792 amor
775 1731 809 1791 in
831 1745 1081 1813 praeceptorem,
1103 1746 1141 1793 ut
1164 1746 1195 1793 et
1216 1732 1351 1795 maxime

267 1838 333 1905 eius
356 1837 568 1898 conditionem
592 1848 622 1895 et
643 1833 735 1895 fidem
755 1836 944 1895 extollerent
963 1848 993 1895 et
1011 1838 1205 1897 remunerari
1224 1855 1351 1917 quoque

268 1940 334 2001 eius
358 1938 553 2017 diligentiam
575 1934 746 1997 studerent.
798 1939 886 1999 luter
914 1958 969 1998 eos
1000 1939 1139 1998 omnium
1169 1939 1353 2017 praeclaris·

266 2043 344 2104 sime
367 2040 405 2101 de
427 2038 569 2100 Cornuto
591 2040 687 2100 sensit
702 2040 828 2102 Persius
846 2038 959 2122 Satyra
971 2042 1013 2118 V,
1037 2040 1093 2122 qui
1109 2040 1259 2102 virtutem
1274 2040 1353 2101 Cor·

267 2145 339 2205 nuti
376 2142 529 2203 extoliere
566 2142 598 2202 in
634 2142 830 2205 sermonibus
860 2142 924 2205 suis
955 2163 1019 2204 non
1049 2142 1188 2221 neglexit
1217 2143 1353 2224 satisque

273 2284 553 2301 —ffi—-ss
615 2283 617 2289 '

270 2380 298 2432 p.
316 2362 368 2411 2οἵ
388 2358 572 2428 nupsmdysrus
592 2358 617 2411 δ’
630 2356 691 2428 ἡμῖν
714 2360 842 2416 scriberet
859 2362 1051 2433 Romanosque
1068 2358 1244 2431 intelligeret,
1270 2358 1354 2414 stibi

269 2447 430 2500 notavimus.
466 2447 591 2518 Denique
617 2447 650 2501 de
676 2447 791 2502 Cornuti
817 2451 994 2520 praenomine
1014 2452 1096 2502 Lucii
1117 2461 1145 2504 et
1168 2449 1270 2502 nomine
1293 2453 1354 2502 An·

271 2538 331 2590 asaei
350 2547 409 2607 post
426 2534 584 2588 Mantiniam
604 2556 631 2606 p.
649 2539 665 2590 6
684 2537 782 2592 iterum
800 2540 906 2593 monuit
924 2538 990 2594 lehn
1008 2539 1026 2592 l.
1043 2539 1072 2606 l.]

343 2623 368 2692 ‘)
385 2623 482 2677 suidas
498 2623 527 2676 in
546 2621 684 2678 Ceramus
702 2624 736 2678 Τ.
753 2624 787 2678 ll.
805 2646 832 2698 p.
850 2629 911 2681 ast.

317 2713 367 2781 [“)
386 2711 415 2765 ln
441 2711 573 2767 Suetonio
601 2733 675 2768 nuuc
700 2715 824 2786 volgatur
848 2715 1035 2786 Agathernen‘.
1078 2712 1166 2768 liuius
1189 2712 1353 2785 epitaphium

269 2821 323 2855 esse
343 2813 465 2872 putatur,
484 2801 557 2874 qnod
575 2803 677 2869 Roma,
697 2803 743 2856 ubi
761 2815 913 2875 repertum,
932 2805 960 2856 in
979 2802 1148 2857 Britanniam
1165 2803 1283 2857 delatum
1301 2802 1354 2856 ibi·

269 2909 322 2963 que
342 2891 369 2943 in
390 2891 488 2946 Marm.
503 2890 592 2946 Oson.
610 2913 636 2964 p.
648 2898 682 2948 Π
700 2895 742 2947 ed.
754 2895 829 2948 Prid.
847 2894 960 2960 editum,
978 2913 1008 2946 es
1025 2892 1150 2947 Rduesio
1169 2913 1195 2964 p.
1208 2895 1261 2945 stu
1280 2909 1354 2946 nunc

270 2978 380 3032 Anthol.
397 2979 481 3035 Palat.
500 2979 533 3036 Τ.
552 2981 583 3035 ll.
607 3003 633 3054 p.
649 2985 709 3036 82¹1.
735 2982 785 3036 No.
801 2987 855 3037 22⁴
870 2983 1002 3035 insertum
1022 2981 1131 3053 legitur.
1166 2981 1260 3052 Neque
1278 2980 1355 3035 aliter

270 3087 343 3122 nunc
369 3069 459 3125 statuit
483 3069 589 3124 lahnius
615 3092 641 3142 p.
658 3087 735 3124 xxva.
777 3069 831 3124 Sed
850 3087 945 3122 vereor
962 3081 992 3122 ut
1009 3081 1082 3122 recte
1100 3069 1171 3125 illius
1187 3069 1284 3122 medici
1302 3089 1354 3122 nn·

268 3149 348 3225 men,
368 3159 469 3231 quippe
489 3159 562 3231 quod
581 3157 655 3213 nulla
675 3159 746 3212 sarna
765 3159 839 3232 apud
857 3169 958 3211 veteres
974 3157 1146 3222 inclaruerit,
1165 3156 1356 3212 substituerint.

269 3243 355 3299 immo
374 3247 545 3302 scribendum
565 3249 712 3320 Agathini.
731 3248 810 3302 cuius
828 3240 928 3300 medici
946 3246 1105 3300 auctoritate
1121 3245 1274 3318 gravissima
1293 3264 1354 3316 pas·

268 3334 317 3386 sim
343 3353 405 3388 usus
430 3335 549 3389 Galenus
572 3355 635 3390 eum
662 3337 775 3408 insuper
791 3335 1037 3389 Lacedaemonium
1060 3335 1140 3388 fuisse
1164 3346 1191 3388 et
1215 3333 1354 3407 propriasn

269 3433 366 3475 sectam
390 3423 522 3477 medicam
548 3424 699 3477 condidisse
725 3433 838 3476 testetur
863 3421 974 3475 Desinit.
993 3422 1091 3476 medic.
1109 3421 1143 3477 T.
1164 3421 1234 3474 xlx.
1258 3441 1284 3493 p.
1301 3425 1353 3478 358

269 3511 311 3564 ed.
324 3509 432 3563 Kuehn.
467 3513 608 3565 Praeterea
626 3512 660 3564 ad
679 3510 755 3564 hune
771 3509 937 3580 Agathinum
954 3521 1162 3564 monumentum
1180 3509 1245 3563 illud
1264 3509 1355 3580 sepul-

269 3597 341 3652 crale
360 3599 549 3664 referendum,
577 3598 651 3670 quod
676 3597 818 3667 inscriptio
841 3598 917 3650 usnri
942 3597 1084 3651 deiunctae
1110 3614 1171 3650 eum
1197 3615 1355 3670 procurasse

269 3699 391 3753 enarrat,
417 3700 477 3759 post
493 3687 560 3740 alios
577 3686 715 3757 vulgatu·
733 3703 750 3737 a
769 3682 915 3738 Welchero
933 3684 1026 3756 Spicil.
1043 3687 1128 3760 epigr.
1146 3685 1197 3741 Gr.
1214 3688 1247 3742 ll.
1265 3707 1292 3758 p.
1312 3691 1355 3742 20.

270 3774 396 3828 Ceterum
416 3777 443 3827 in
463 3777 657 3847 epigrammate
674 3793 778 3828 nomen
796 3776 1024 3828 ΛΓΑΘΕΙΝΟΣ
1036 3778 1190 3847 profertur,
1208 3775 1279 3848 apud
1299 3775 1355 3830 Ga·

270 3860 361 3913 lenum
383 3858 540 3926 Myconos,
557 3877 599 3932 et,
625 3864 737 3936 probata
754 3862 912 3916 coniectura
929 3875 1035 3929 nostra,
1054 3865 1109 3918 iam
1127 3864 1161 3918 de
1179 3864 1355 3936 praenomine

271 3948 342 4014 eius,
363 3950 437 4018 quod
456 3953 549 4006 reticet
567 3951 700 4017 Galenus,
719 3949 853 4022 liquebit]

318 4037 368 4105 ”“)
388 4037 441 4104 [De
461 4037 597 4108 discipulis
616 4039 730 4091 Cor-ati
748 4038 894 4091 Martluius
910 4038 966 4110 agit
984 4037 1009 4110 5.
1026 4043 1054 4094 ’1.
1072 4061 1099 4112 p.
1112 4042 1164 4106 88,
1192 4041 1257 4094 item
1275 4057 1355 4110 prae·

273 4125 378 4178 cedenti
396 4125 429 4177 de
449 4124 664 4196 magistrianus,
683 4125 747 4176 certi
768 4135 858 4176 tamen
877 4123 910 4177 de
928 4124 969 4178 his
986 4125 1205 4196 (Athenodorum
1224 4139 1251 4182 et
1267 4125 1355 4180 Chae·

273 4231 415 4266 temonem
435 4211 541 4268 Stoicos
558 4211 651 4282 alleri)
670 4209 735 4264 nihil
754 4211 904 4278 extricans]
