2984 4825
547 334 784 395 -523-

131 507 202 567 dnn.
245 500 392 565 Vidimus
412 498 550 562 Plinium
566 496 592 583 ¹)
614 496 744 574 dixisse,
765 497 867 559 sidera
890 501 958 579 ipsa
981 514 1028 562 tot
1051 512 1081 561 ct
1104 512 1206 561 tantae

130 602 347 685 magnitudinis
375 621 490 665 oceano
518 602 620 683 pasci,
652 600 736 683 quod
768 603 844 663 solis
870 605 1035 683 proprium
1061 616 1146 679 erat,
1176 616 1209 663 et

130 708 202 771 alibi
217 707 245 792 2)
268 707 465 784 observasse,
498 706 572 766 haec
595 702 703 766 eadem
725 703 827 767 sideru
855 706 939 765 baud
961 705 1055 767 dubie
1076 709 1209 766 humore

129 824 254 875 terreno
276 808 376 891 pasci,
400 828 464 890 qno
487 828 551 869 non
576 808 677 869 solum
699 818 798 884 astra,
818 806 873 867 scd
897 807 990 867 stiam
1012 810 1058 868 sol
1081 821 1112 868 et
1133 808 1210 867 luna

129 914 293 996 praecipua
308 913 575 974 sustentabantur.
618 910 735 971 Seneca
747 910 790 993 ὅ)
815 913 914 975 Totum
929 913 982 972 hoc
999 915 1113 987 coelum,
1133 914 1210 993 quud

129 1024 221 1095 igneus
241 1018 354 1092 adher,
386 1020 487 1079 mundi
504 1038 617 1078 summo
635 1036 722 1098 pure,
756 1016 881 1090 claudit,
913 1034 1008 1075 omnes
1029 1016 1210 1090 hanstedae,

130 1140 249 1202 quorum
270 1124 336 1181 iniri
353 1141 407 1180 non
424 1133 515 1200 potest
537 1142 678 1195 numerus,
701 1124 788 1179 omnis
809 1121 853 1179 tic
874 1120 1029 1178 coelestium
1051 1130 1154 1192 conus,
1174 1132 1211 1189 et,

130 1236 158 1285 ut
184 1226 244 1285 ulia
271 1237 468 1306 praeteream,
498 1226 543 1285 ln's
571 1236 632 1286 turn
659 1224 747 1304 pnrpe
768 1244 790 1283 u
812 1224 890 1282 nodis
911 1242 998 1299 agens
1022 1242 1135 1280 cursum
1161 1223 1211 1295 sul,

130 1332 202 1386 omni
226 1338 370 1387 terrarum
397 1329 504 1389 anthim
535 1348 589 1387 non
614 1330 700 1387 semel
725 1334 834 1404 maior,
865 1329 1027 1394 dimersum
1047 1344 1083 1383 ex
1103 1335 1211 1384 terreno

128 1430 251 1504 tradunt,
272 1442 299 1491 st
319 1435 392 1492 inter
411 1453 442 1492 se
458 1436 632 1512 partiuntur,
651 1451 702 1490 nes
724 1432 779 1489 ullo
799 1431 857 1489 alio
876 1430 989 1500 sctt'cee,
1014 1445 1102 1507 quam
1121 1426 1211 1485 halitu

127 1544 267 1593 terrarum
287 1540 469 1605 auctmentum
491 1536 544 1595 loo
565 1536 618 1595 illie
638 1535 809 1609 allmentum,
830 1535 874 1592 hic
891 1543 992 1612 pastus
1013 1542 1063 1589 est.
1105 1526 1158 1588 Sic
1179 1539 1210 1587 et

129 1632 284 1695 Cornutus
297 1633 328 1719 4)
350 1634 435 1713 dicit,
458 1649 573 1697 terram
593 1654 652 1714 pro
674 1634 877 1697 fundamento
900 1635 1088 1694 substratam
1106 1631 1211 1705 luisse,

129 1748 158 1796 et
179 1738 218 1795 ab
239 1737 297 1795 bac
319 1737 404 1795 nasei
427 1757 525 1816 eaque
548 1736 590 1795 ali
612 1738 734 1795 omnint
759 1736 949 1817 γινομένων
970 1738 1025 1796 καὶ
1045 1734 1209 1812 *τρεᾳαμέκ

128 1858 194 1900 cur
215 1836 380 1899 ἐιιιῦθιν
402 1830 563 1910 πάντων),
593 1845 623 1893 et
646 1835 722 1895 alibi
740 1833 767 1917 5)
790 1833 829 1894 de
848 1836 907 1894 hac
928 1832 1035 1893 eadem
1058 1844 1143 1893 terra
1165 1834 1212 1892 lo·

130 1956 244 2017 quens:
267 1928 311 2000 ecl
334 1936 426 2017 αὖρα
451 1930 496 2000 eci
518 1939 554 2002 ἐν
576 1935 621 2021 τῷ
643 1933 755 2020 κόσμῳ
775 1938 941 2002 ἐντεῦθεν
961 1935 1135 2017 τρέφεται,
1158 1937 1211 2000 sul

130 2034 183 2104 διαὶ
210 2036 343 2120 ταύτην
370 2034 575 2121 totamm,
607 2039 661 2098 ubl
688 2040 759 2119 quis
780 2039 862 2099 forta
884 2042 988 2117 legera
1011 2048 1145 2097 tentaret
1167 2031 1211 2101 uti

129 2145 263 2224 ἕμιιαρα
296 2160 364 2202 cnm
396 2140 524 2199 Laertio
557 2137 742 2224 diseunt),
781 2142 969 2222 τρέφεσθαι
999 2133 1042 2203 sci
1073 2144 1211 2219 ἔμπυρα

128 2242 245 2306 ταῦτα.
299 2241 444 2322 Denique
474 2239 557 2301 idam
588 2240 746 2303 Cornutus
776 2241 896 2324 alibi7)
923 2244 1003 2301 lianc
1025 2240 1116 2300 affert
1140 2260 1211 2301 catt-

128 2363 202 2423 satn,
225 2364 280 2405 cur
301 2346 349 2405 sol
370 2346 488 2425 Apollo
510 2344 651 2405 dicatur:
676 2346 729 2412 nal
750 2338 816 2428 yolo
833 2339 894 2411 clv
911 2340 1109 2411 ἀπολλύντα
1126 2338 1212 2406 ταύ-

128 2471 191 2531 την
212 2445 276 2530 ιηίι
295 2441 528 2531 διακόσμησιν,
547 2449 708 2512 τοιοῦτον
729 2449 828 2521 εἶναι,
852 2442 908 2513 ded
924 2450 1053 2513 ιοὺιον
1075 2445 1212 2526 διατμί-

129 2555 198 2630 ζειν
226 2548 284 2632 (sic
310 2551 381 2628 legs
410 2569 480 2610 cnm
514 2549 641 2628 optimis
671 2548 760 2610 codd.
791 2568 851 2628 pro
882 2546 938 2613 ded
963 2550 1025 2613 coti
1048 2541 1212 2630 κομίζειν)

128 2643 347 2722 ἀδιαλείπτως
375 2647 551 2719 nuntiator
578 2647 684 2732 αὐιῆς
712 2645 752 2715 co*
780 2645 905 2733 α’γρὸα,
939 2650 994 2716 καὶ
1026 2650 1070 2733 τῷ
1098 2647 1211 2728 αἰθέρι

128 2749 450 2832 πρασιαιαιιὶιιεια.
499 2753 616 2816 Seneca
633 2751 661 2837 8)
693 2752 874 2829 contendit,
908 2774 925 2814 a
950 2753 1038 2814 coslo
1068 2763 1099 2810 ct
1128 2762 1212 2811 terra

126 2852 274 2917 alimento
295 2855 441 2916 omnibns
464 2853 669 2933 animalibus,
691 2856 836 2919 omnibus
859 2856 952 2932 satis,
972 2851 1211 2920 omnibuastcl·

125 2955 165 3016 lis
187 2952 299 3021 dividi.
340 2959 417 3020 Hinc
436 2961 580 3042 quidquid
599 2973 639 3021 est
660 2965 769 3033 visiun,
796 2957 912 3038 inquit,
933 2963 1056 3036 singulis,
1076 2962 1139 3019 linc
1159 2962 1213 3035 ipsi

124 3062 229 3122 mundo
256 3073 319 3122 tom
346 3063 437 3122 multo
463 3067 589 3140 poscenti
611 3063 855 3134 subadministrat,
881 3063 945 3121 trino
964 3061 1125 3141 profertur,
1155 3079 1210 3136 qno

123 3167 313 3222 sustineantur
334 3173 374 3221 tot
398 3163 514 3235 sidera,
547 3174 608 3221 tam
629 3167 805 3234 exantlata,
835 3173 896 3220 tam
925 3165 1028 3234 uvida,
1057 3184 1109 3241 per
1137 3161 1211 3218 dr'em

125 3273 305 3342 nesciamque,
338 3273 368 3321 ut
394 3266 423 3320 r'n
451 3283 549 3341 opere,
581 3269 623 3322 ita
644 3275 670 3322 st
692 3268 719 3321 in
738 3274 840 3342 poclm
878 3261 932 3320 ubi
960 3259 1078 3320 iudicat
1108 3257 1211 3320 sidera

125 3361 241 3426 Stoicis
263 3360 514 3440 esseaniumlia,
536 3362 621 3443 quod
644 3363 727 3424 infra
753 3361 1044 3425 demonstrabimus.

124 3503 413 3518 W

124 3574 236 3630 Pacuvii
249 3577 373 3645 versibus,
388 3597 456 3651 quos
465 3591 524 3651 post
534 3577 701 3652 scaligerum
717 3580 750 3633 ad
759 3581 913 3632 Varronem
925 3596 951 3651 p.
963 3581 996 3633 st
1009 3589 1034 3632 et
1047 3574 1210 3630 Gataleernm

124 3665 153 3717 in
175 3663 261 3718 Marc.
279 3663 380 3719 Antan.
395 3667 443 3735 tv,
461 3670 503 3721 23.
523 3669 674 3720 emendarit
691 3665 884 3722 Valckenarius
901 3667 1023 3720 Diatribe
1042 3685 1064 3719 c.
1082 3669 1107 3719 t.
1125 3683 1153 3734 p.
1166 3667 1211 3726 st,

124 3751 238 3823 legitur:
256 3754 372 3806 indidem
389 3756 532 3827 eademque
551 3758 677 3809 oriuntur
695 3758 727 3808 ela
745 3758 852 3827 integro
868 3765 952 3826 atquc
970 3755 1059 3807 eodem
1077 3752 1210 3803 occidunt.

125 3839 411 3907 [Praeiritllilloisono
425 3845 579 3912 Lambinus,
596 3844 671 3900 cuius
686 3844 830 3898 lectionem
845 3861 933 3914 nuper
946 3838 1061 3913 suscepit
1071 3836 1209 3904 Ocellina]

199 3926 229 3995 1)
248 3928 280 3981 ll.
300 3929 332 3982 N.
351 3932 384 3997 ll,
404 3934 448 3984 68.
694 3933 724 4000 2)
742 3930 809 3984 lbid.
830 3932 863 3997 ll,
882 3934 906 3984 9.

199 4016 230 4083 3)
249 4015 357 4083 Quaeat.
376 4028 433 4072 nat.
450 4016 495 4084 Vl,
514 4021 556 4072 lb.
693 4019 724 4086 4)
745 4016 812 4088 Cap.
832 4020 858 4072 o.
877 4037 904 4088 p.
921 4017 982 4070 tas.

199 4103 230 4172 5)
248 4102 314 4175 Cap.
333 4107 374 4158 28.
395 4124 421 4177 p.
439 4109 502 4160 2⁰8.
695 4105 725 4173 s)
743 4105 809 4176 Pag.
827 4107 889 4159 111.

198 4192 230 4263 1)
248 4192 314 4266 Cap.
332 4195 376 4248 82.
394 4212 420 4266 p.
440 4197 500 4249 224.
696 4193 726 4263 8)
746 4193 857 4264 Quaest.
874 4202 930 4247 nat.
950 4193 984 4259 ll,
1002 4192 1028 4242 5.
