2984 4825
532 358 769 420 -551-

117 526 191 589 Note
211 539 336 603 etitem,
369 523 539 588 secumdum
562 524 727 601 Senecam,
757 524 790 584 in
813 522 956 586 omnibus
978 518 1098 600 puriter
1119 539 1186 584 cor·

117 631 236 709 poribus
258 628 403 692 humanis
425 626 533 690 divina
561 627 701 708 dispersa
727 647 794 690 esse
820 626 953 703 sentina,
985 647 1066 707 quae
1087 628 1186 688 melus

115 730 232 812 quidem
254 732 357 792 cultor
379 743 478 807 necet,
499 729 555 794 sed
576 733 677 794 bonus
698 729 743 792 ita
765 729 860 806 foret,
883 740 917 790 ut
938 728 1052 790 similia
1073 728 1187 808 origini

114 855 180 896 sune
200 833 371 915 prodeant,
400 845 432 895 et
455 833 628 912 pariatis,
657 833 812 915 aquibus
836 844 905 895 urta
927 841 1017 908 sunt,
1047 842 1186 910 surgunt.

114 937 266 996 Praeclare
288 934 405 998 Seneca
422 937 467 1014 ¹)=
488 949 627 1000 nonsart
647 939 689 998 ad
710 938 816 998 eoelum
836 937 993 998 elevandae.
1008 957 1118 1012 manus,
1136 957 1186 998 nee

112 1041 268 1101 exorandus
290 1043 430 1117 aedituus,
452 1053 483 1104 ιιι
502 1063 552 1102 nus
573 1043 616 1104 ad
636 1062 723 1103 aures
742 1043 894 1115 simulacri,
921 1044 1006 1122 quasi
1024 1045 1117 1116 magis
1136 1061 1187 1101 ea·

113 1144 204 1203 audiri
219 1149 373 1223 possimus,
393 1146 545 1205 admittat:
565 1165 653 1224 prope
673 1155 715 1204 est
736 1165 758 1204 a
780 1156 807 1204 te
824 1145 907 1219 deus,
928 1155 1019 1204 tecum
1041 1154 1095 1216 est,
1116 1146 1188 1202 intus

110 1256 156 1305 est.
193 1247 243 1306 Ita
264 1248 337 1321 dim,
357 1249 457 1320 Lucili,
476 1268 560 1307 sacer
580 1252 657 1307 intra
672 1267 722 1306 nos
741 1249 855 1326 spiritus
872 1246 959 1319 sedet,
980 1247 1120 1306 malorum
1137 1245 1187 1304 bo·

109 1367 256 1429 nurumque
283 1361 497 1431 metrorumque
523 1350 686 1410 obseruator
710 1365 737 1409 et
764 1359 873 1410 eunus.-
899 1349 945 1408 bie
963 1360 1049 1429 prout
1069 1369 1091 1408 a
1111 1347 1188 1408 nabis

106 1460 242 1510 tractatus
263 1462 314 1524 est,
331 1455 374 1510 ita
393 1471 444 1510 nos
462 1455 521 1529 ipse
540 1462 649 1512 tractat
670 1452 760 1512 benus
781 1455 831 1524 eir,
853 1461 880 1510 et
899 1454 958 1510 sine
973 1451 1027 1510 deo
1043 1470 1122 1510 nemo
1137 1459 1186 1524 est,

106 1551 163 1611 Aa
178 1561 267 1631 potest
284 1555 387 1635 aliquis
402 1573 493 1633 supra
506 1550 658 1631 fortunam
679 1557 733 1612 nisi
751 1553 790 1612 ab
811 1553 855 1612 iito
877 1551 993 1612 adiutus
1012 1552 1186 1628 eusurgere?

104 1653 154 1713 ttta
174 1653 227 1714 dat
248 1655 363 1715 consilia
384 1653 543 1737 magnfiea
563 1664 592 1714 et
611 1665 717 1714 erecta.
761 1655 795 1712 In
815 1673 981 1733 unoquoque
998 1657 1118 1712 uirorum
1137 1654 1186 1714 bo·

104 1775 200 1814 norum
222 1761 284 1835 quis
311 1755 399 1828 deus,
418 1760 565 1817 ,incertum
591 1765 651 1827 est,
680 1754 791 1812 babitat
814 1751 891 1812 deus.
942 1754 976 1812 Si
994 1753 1046 1812 tibi
1064 1759 1187 1814 occurrit

104 1859 211 1914 vaunis
231 1856 399 1928 arboribus,
431 1867 458 1914 et
478 1855 588 1914 solitam
610 1854 785 1914 altitudinem
806 1857 922 1929 egressis
940 1852 1077 1935 frequens
1097 1857 1186 1928 lucus,

104 1968 130 2016 et
149 1968 325 2036 conspectum
347 1957 418 2016 coeii
436 1957 574 2023 densitate
590 1976 737 2016 tarseorum
759 1956 879 2016 aliorum
898 1957 968 2016 aiios
985 1961 1187 2035 protegentium

102 2060 261 2120 submoveres
280 2061 329 2120 ida
353 2063 510 2139 proceritas
538 2060 637 2133 siloas,
664 2069 691 2120 et
717 2069 852 2119 seeretum
879 2060 947 2132 Ioci,
977 2071 1004 2120 et
1033 2061 1185 2122 admiratio

103 2165 230 2237 umbrae,
250 2168 398 2243 inaperta
418 2173 481 2222 tam
501 2161 606 2228 densae
626 2171 713 2240 atque
735 2163 892 2235 continuae,
907 2159 1003 2240 fidem
1024 2163 1075 2222 tibi
1093 2165 1184 2224 nenii-

101 2272 144 2326 nis
166 2266 239 2341 iacit
260 2275 317 2325 etc.
369 2266 404 2325 Si
423 2266 560 2324 hommem
580 2264 682 2324 rideris
701 2267 858 2324 iatern'tum
875 2264 1020 2344 perieulis,
1049 2269 1185 2326 intactum

100 2368 317 2449 cuprddatibus,
345 2373 416 2429 inter
435 2367 559 2429 aduersu
572 2364 702 2447 feletem,
727 2370 758 2429 in
775 2367 874 2429 medris
893 2369 1102 2447 tempestatibus
1114 2369 1185 2449 piu·

98 2473 213 2547 eidam,
237 2493 274 2533 ea
293 2480 437 2551 superiore
457 2471 520 2530 ioco
538 2469 663 2531 bomirtes
681 2470 833 2545 ridendam,
854 2492 891 2533 eu
911 2492 1004 2552 aequo
1025 2472 1109 2533 deos:
1131 2492 1184 2531 noa

98 2576 199 2635 subibit
225 2587 253 2635 te
273 2579 411 2635 ueneratio
432 2575 516 2634 eius?
564 2573 632 2635 Non
649 2573 742 2633 diaes:
770 2577 826 2635 ista
847 2596 892 2641 res
913 2580 1005 2633 maior
1026 2586 1067 2635 est
1087 2576 1184 2635 altior·

98 2697 170 2757 que,
197 2698 286 2758 quam
307 2687 337 2735 ιιι
358 2676 446 2747 credi
456 2675 552 2736 sinitis
570 2675 653 2749 bur'a,
683 2680 711 2735 in
732 2697 788 2757 quo
809 2687 867 2751 est,
894 2679 1057 2756 corpusculo
1076 2680 1185 2758 possit?

97 2781 147 2839 Vis
167 2785 239 2840 istae
259 2781 353 2841 diuina
375 2777 534 2839 desemdit:
561 2780 687 2840 uminum
709 2778 894 2853 molientem,
916 2779 1103 2853 moderatum,
1123 2800 1184 2839 um-

94 2886 147 2941 nia
167 2894 307 2965 tanquam
328 2887 439 2943 minora
458 2890 666 2955 transeuntem,
693 2881 832 2962 quidquid
850 2886 978 2943 timemus
1001 2894 1186 2965 optamusque

92 2986 244 3060 ridentem,
264 2987 386 3047 caelestis
404 2988 530 3065 potentia
552 2988 654 3059 agitat.
696 2984 762 3045 Non
781 2994 871 3064 potest
887 3006 931 3045 res
950 2996 1033 3045 tanta
1053 2990 1110 3049 sine
1126 2988 1183 3046 ad·

90 3091 227 3147 minieulo
247 3091 366 3149 numinis
386 3097 473 3145 stare.
515 3086 619 3163 Itaque
639 3089 746 3144 maimo
770 3090 817 3146 sui
835 3096 920 3163 parte
945 3088 998 3145 illio
1019 3098 1076 3160 est,
1109 3088 1182 3146 unite

90 3191 250 3249 deseendit.
295 3185 544 3268 Quemadmodum
565 3186 645 3247 radii
662 3187 726 3245 sutis
746 3192 906 3263 eornbrqunt
927 3186 1039 3266 quidem
1062 3198 1182 3265 terram,

88 3290 144 3349 sed
167 3290 209 3348 ibi
225 3300 306 3361 sunt,
328 3288 402 3347 unde
422 3292 584 3347 mitturrtur:
610 3291 650 3346 sio
670 3290 781 3347 animus
801 3303 922 3364 magnus
942 3300 968 3351 et
989 3310 1089 3365 sacer,
1109 3302 1136 3352 et
1154 3296 1182 3351 ia

88 3393 147 3451 boe
180 3392 333 3464 demissm,
361 3400 391 3451 ut
415 3394 531 3470 propius
557 3390 651 3451 dorna
674 3409 833 3465 nossemus,
862 3402 1041 3455 amoenatur
1070 3392 1180 3473 quidem

87 3495 250 3566 nobiscum,
271 3494 323 3553 sed
343 3495 441 3554 iraeret
463 3497 564 3569 origini
579 3512 661 3553 suae.
702 3494 783 3553 illine
800 3494 911 3574 pendet,
931 3494 995 3555 diuo
1015 3506 1123 3574 spectat
1143 3517 1180 3557 aa

84 3601 210 3669 nititur,
236 3602 335 3657 nostras
355 3607 495 3677 tanquam
518 3597 614 3657 melior
633 3602 754 3657 interest.
798 3594 855 3672 Et,
882 3606 917 3655 ut
938 3594 982 3657 ait
995 3592 1042 3677 2);
1071 3602 1181 3679 sapiens

86 3708 309 3778 assectatorque
335 3703 490 3779 sapientiae
519 3700 658 3762 adhaeret
687 3701 798 3782 quidem
829 3705 857 3761 in
887 3719 1004 3780 corpore
1032 3721 1098 3774 suo,
1129 3700 1181 3759 sed

83 3804 203 3878 optima
225 3804 270 3859 sui
286 3812 371 3880 parte
392 3803 485 3879 abest,
509 3816 535 3864 et
557 3808 735 3881 cogitationes
755 3823 824 3863 suas
847 3804 889 3861 ad
909 3804 1036 3866 sublimio
1057 3804 1179 3878 intendit,

80 3912 113 3961 et
142 3901 220 3960 reiut
248 3916 428 3965 sacramento
456 3918 590 3983 rogatus,
627 3908 679 3967 boo
708 3906 785 3988 quod
810 3909 869 3967 oieit
895 3906 1060 3987 stipendium
1086 3918 1178 3985 putat.

78 4000 181 4063 Idem
202 4000 247 4086 ⁵):
283 4009 309 4065 si
327 4011 377 4066 cui
394 4013 479 4069 rietus
500 4014 664 4089 anumque
684 4014 713 4068 in
732 4029 850 4090 corpore
868 4030 1018 4087 praesens,
1045 4008 1090 4071 bie
1112 4014 1179 4069 (teus

161 4218 197 4285 t)
216 4216 298 4291 Epist.
317 4227 361 4277 41.
511 4225 542 4293 2)
561 4222 643 4298 Epist.
662 4225 705 4279 bb.
857 4225 887 4293 3)
903 4224 984 4298 Epist.
1003 4230 1046 4281 92.
