2984 4825
535 258 542 267 ’
641 300 688 312 -
748 283 826 324 mv
871 296 915 307 —

239 435 426 519 philosopho
445 432 604 498 divorsum
621 452 690 497 coco
708 428 868 495 contendit
886 427 978 509 Cocp.
991 424 1141 487 Bartbino
1159 422 1212 510 (aa
1228 425 1322 489 Clari·

238 538 322 602 dian.
342 562 375 621 p.
396 537 483 623 128).
536 536 628 614 Quod
655 555 844 620 quamquam
867 545 953 595 certo
974 528 1101 593 deliniri
1122 547 1186 591 non
1207 541 1321 609 pateat,
1382 570 1386 575 ·
1478 513 1479 516 Ἴ

240 660 521 673 ——n—-n-——n-

239 706 365 781 cogitari3
393 707 573 778 probabiliora
592 716 664 762 certe
682 704 748 761 haec
770 704 816 773 iis,
841 720 910 775 quae
928 711 1021 755 contra
1040 696 1146 751 monuit
1163 696 1245 749 lilius
1262 695 1322 767 Gy-

238 795 328 850 raldus
346 794 379 849 de
404 808 506 868 poetar.
524 794 582 851 hist.
604 794 665 849 dial.
685 795 722 847 lV
747 792 836 865 (Opp.
854 789 895 845 ed.
913 787 990 843 lensii
1013 784 1047 840 Τ.
1065 788 1099 840 11.
1120 806 1147 856 ρ.
1165 784 1247 851 tto),
1273 785 1320 857 qui

238 895 376 939 auctorem
400 882 570 939 scholiorum
595 882 623 935 in
649 880 771 935 Persium
796 890 824 934 et
847 876 990 949 Virgilium
1015 872 1175 947 philosopho
1198 872 1321 926 Cornuto

238 971 325 1027 multo
342 974 519 1045 posteriorem
538 990 593 1027 ecce
611 971 664 1039 ait,
693 988 747 1023 non
772 984 883 1039 prorsus
901 963 1058 1035 improbam
1076 960 1233 1015 eontentiam
1251 960 1322 1013 llor-

238 1059 319 1115 molai
343 1059 456 1115 Barbari
480 1074 506 1117 et
529 1061 659 1126 aliorum,
684 1058 731 1130 qui
749 1054 920 1110 scholiorum
944 1050 1052 1107 illorum
1076 1061 1214 1105 auctorem
1233 1049 1346 1123 potius·

152 1130 155 1137 ,
238 1148 358 1203 Probum
375 1159 546 1223 nuncupent:
565 1167 634 1221 quae
651 1146 782 1201 sententia
800 1145 833 1199 ab
852 1142 948 1196 eodem
964 1139 1017 1195 alio
1036 1159 1144 1213 quoque
1162 1138 1223 1193 loco
1242 1157 1322 1211 repe-

238 1234 285 1290 tita
305 1235 342 1304 (r.
360 1234 439 1292 Grut.
457 1237 552 1309 Lamp.
572 1237 629 1290 crit.
647 1234 681 1287 Τ.
698 1235 733 1287 ll.
752 1253 780 1305 p.
794 1232 875 1301 tot),
894 1239 1025 1303 quantum
1043 1227 1077 1281 ad
1096 1225 1257 1298 Virgilium,
1280 1224 1320 1278 rel

239 1316 301 1374 aolio
319 1318 424 1375 aolaoliis
438 1324 637 1379 Veronensibus
653 1342 727 1379 nunc
745 1323 774 1376 in
793 1322 881 1377 lucem
898 1318 1039 1391 protractis
1054 1316 1197 1370 reflantur.
1231 1315 1322 1387 Atque

239 1426 255 1461 a
274 1406 395 1462 Martinii
412 1410 533 1482 partibus
550 1430 577 1465 ao
595 1422 664 1465 utare
683 1408 713 1464 C.
727 1410 758 1465 F.
770 1408 940 1463 llermannua
955 1424 1065 1478 quoque
1078 1404 1234 1478 significarit
1246 1404 1322 1475 Diop.

239 1493 274 1549 do
290 1493 453 1551 scholiorum
472 1515 520 1553 uru
540 1508 566 1552 et
584 1498 742 1553 auctoritate
765 1497 794 1551 in
813 1496 896 1551 Persii
918 1494 1004 1549 raticio
1028 1492 1217 1560 emendandis,
1244 1492 1322 1545 Mar-

239 1582 319 1654 burgi
343 1586 423 1637 1842.
446 1603 473 1656 p.
493 1588 538 1639 12.
582 1584 624 1639 De
648 1583 690 1640 tis
707 1583 821 1641 Cornuti
840 1584 924 1638 nostri
943 1582 1150 1637 Commentariis
1167 1582 1197 1634 in
1214 1580 1322 1652 virgilii

241 1668 398 1741 Aeneidem,
416 1670 474 1725 Silii
493 1672 587 1742 italici,
610 1684 641 1727 ut
659 1672 770 1739 ridetur,
795 1670 899 1725 nomini
916 1672 950 1724 ab
972 1680 1081 1725 auctore
1099 1668 1241 1740 inscriptio,
1261 1678 1321 1739 poet

238 1755 427 1815 Burmannum
445 1759 479 1813 ad
499 1760 573 1833 Virg.
590 1760 679 1814 Praei.
697 1780 723 1832 p.
742 1764 788 1815 31.
823 1759 927 1813 Maium
946 1760 980 1813 ad
998 1756 1091 1814 schol.
1108 1756 1214 1829 virgilii
1232 1757 1321 1809 Voro-

239 1847 331 1900 nensia
349 1866 376 1919 p.
394 1859 466 1929 xtqt
482 1847 640 1902 Mantiniam
659 1867 686 1920 p.
705 1850 739 1903 tt
758 1865 814 1919 acq.
834 1846 1032 1919 diligentissime
1050 1845 1172 1917 exposuit
1190 1843 1322 1916 Suriugar

239 1933 303 1989 ilict.
322 1934 411 1991 Schol.
430 1937 488 1993 lut.
507 1936 541 1991 Τ.
558 1938 591 1991 ll.
609 1956 636 2009 p.
653 1939 706 1991 ato
724 1955 780 2009 aeq.
817 1936 853 1990 tu
869 1935 937 1989 baec
955 1936 1047 1989 omnia
1064 1934 1149 1988 lucius
1164 1952 1240 1987 nanc
1257 1950 1321 2005 per·

240 2033 345 2077 occutus
369 2035 410 2078 ert
434 2024 540 2077 lahniuo
564 2042 593 2095 p.
610 2040 645 2079 xv
663 2044 719 2097 aeq.
737 2039 814 2079 cxcv.
850 2022 893 2077 Aa
911 2024 1024 2079 eandem
1042 2022 1192 2078 atudiorum
1211 2022 1320 2077 clauom

240 2110 379 2165 reserenda
397 2123 459 2166 runt
478 2130 547 2185 quae
559 2109 674 2167 Cornuti
694 2112 805 2167 nomine
822 2110 966 2183 vulgantur
980 2109 1087 2165 Scholia
1102 2110 1130 2163 in
1144 2110 1228 2166 Porcii
1241 2110 1322 2163 disci·

239 2198 297 2269 puli
316 2198 355 2252 aui
374 2199 466 2253 satiras
484 2200 599 2273 scripta,
622 2200 656 2253 do
676 2199 775 2271 quibus
792 2200 819 2252 in
838 2199 977 2271 Epimetro
995 2200 1092 2253 horum
1110 2198 1323 2270 Prolegomeno·

124 2352 126 2355 .
239 2304 300 2339 rum
319 2272 562 2341 dicam'iContra
589 2288 635 2358 qui
656 2307 685 2341 aa
710 2287 880 2341 Frobeniana
899 2285 1015 2359 quadam
1033 2286 1152 2340 Terentii
1170 2286 1322 2343 editiouea

239 2372 426 2428 Westerhorio
442 2373 555 2430 allertur
572 2374 673 2443 titulus,
694 2376 835 2430 Terentius
848 2394 908 2428 cam
921 2376 1030 2430 acioliia
1041 2394 1075 2428 ex
1089 2375 1202 2438 Donati,
1221 2376 1324 2445 Arpori

239 2467 267 2511 et
289 2461 401 2513 Cornuti
424 2463 636 2522 commentariis,
660 2481 722 2516 eum
741 2481 798 2516 non
821 2464 884 2518 catis
900 2464 1028 2518 idoneum
1052 2473 1144 2518 testem
1167 2480 1238 2530 ecoe,
1265 2483 1322 2535 quo

241 2543 393 2602 Cornutum
411 2547 440 2602 in
457 2549 614 2606 Terentium
633 2563 844 2607 commentatum
863 2571 919 2606 eoae
942 2553 1022 2625 plano
1042 2552 1254 2617 demonstretur,
1278 2551 1323 2606 lu-

239 2633 338 2690 benter
350 2637 523 2695 concedimur
537 2639 665 2696 Martinio
683 2661 711 2714 p.
721 2645 775 2695 101
793 2651 820 2695 et
834 2640 993 2712 Suringario
1007 2640 1026 2696 l.
1040 2660 1065 2695 c.
1082 2639 1116 2694 Τ.
1129 2640 1150 2692 l.
1168 2659 1195 2712 p.
1205 2644 1261 2694 aaa
1271 2658 1322 2712 sq„

241 2733 407 2797 quamquam
426 2745 482 2780 non
501 2726 623 2796 mirarer,
640 2729 661 2782 ai
680 2730 754 2802 quod
772 2729 822 2782 levi
840 2747 915 2783 nunc
932 2728 985 2784 fide
1003 2728 1116 2796 vacillat,
1134 2728 1256 2801 graviore
1273 2727 1323 2782 ali·

241 2813 351 2883 quando
368 2824 478 2868 auctora
490 2815 709 2873 confirmaretur.
745 2817 887 2871 Praeterea
904 2817 936 2870 iio
952 2835 1022 2888 quae
1034 2815 1178 2871 Martiniua
1195 2835 1222 2887 p.
1236 2819 1272 2871 91
1289 2815 1323 2870 de

240 2897 311 2954 libro
329 2900 363 2954 de
381 2903 565 2982 enuntiatione
582 2905 637 2957 aive
660 2905 857 2977 orthographia
876 2904 990 2960 Cornmi
1014 2904 1118 2958 nomini
1141 2914 1213 2958 recte
1236 2903 1334 2957 vindi·

241 2998 302 3042 cato
321 2988 506 3056 monuitstoc
523 2993 657 3048 adiectum
675 2992 762 3060 velim,
782 3011 833 3065 pro
851 2997 922 3046 Gneo
942 2993 1063 3058 nomino,
1081 2991 1154 3065 quod
1169 2991 1198 3044 in
1217 2989 1325 3044 Cassio·

241 3075 301 3130 dori
319 3079 462 3153 exemplari
480 3080 642 3136 Putochiano
660 3101 688 3154 p.
707 3084 776 3136 1281
802 3082 903 3150 fertur,
928 3081 1067 3153 aliquanto
1091 3079 1190 3133 rectius
1208 3080 1324 3149 Agneur

241 3164 269 3218 in
292 3167 385 3222 codice
403 3166 555 3224 Cassiodori
574 3169 784 3224 Darmotadicnai
808 3189 823 3222 a
848 3189 894 3223 mo
917 3168 1037 3242 inspecto
1062 3166 1193 3234 exhiberi,
1221 3166 1323 3220 tamin

242 3252 353 3307 elencho
378 3267 519 3311 auctorum
544 3258 689 3329 praemiaao
714 3277 796 3332 quam
820 3259 849 3312 in
873 3258 968 3330 capitia
991 3260 1023 3326 1,
1051 3256 1125 3331 quod
1142 3267 1182 3309 est
1199 3253 1323 3323 Cornuti,

242 3342 464 3414 praescriptionec
504 3342 630 3398 Ceterum
648 3345 676 3399 in
696 3346 845 3400 enodandis
863 3358 889 3400 et
906 3344 1068 3417 explicandis
1084 3342 1220 3398 vocabulis
1236 3343 1324 3396 rario-

241 3429 316 3483 ribua
340 3429 380 3483 rel
401 3430 530 3485 'obsoletis
549 3449 715 3504 magnopere
734 3431 887 3488 Cornutum
911 3453 973 3488 cum
999 3432 1057 3486 aliia
1073 3432 1145 3485 illiuo
1165 3430 1259 3484 aetatis
1278 3451 1325 3484 rc·

241 3527 328 3570 terum
352 3518 514 3590 scriptorum
537 3521 737 3574 enarratoribua
762 3520 812 3574 aibi
836 3520 983 3592 placuisse,
1010 3521 1064 3575 loci
1090 3518 1214 3573 nonnulli
1238 3518 1324 3573 docc-

119 3641 121 3648 ι
240 3605 318 3671 bunt,
336 3606 383 3680 qui
401 3605 452 3660 lrac
470 3605 579 3662 demum
601 3617 685 3662 aetate
705 3607 738 3662 ad
758 3619 879 3664 noctram
897 3620 1078 3680 pervenerunt
1094 3606 1225 3672 notitiam,
1244 3605 1325 3660 veluti

242 3693 287 3767 q'ui
305 3706 386 3750 enatat
403 3694 431 3750 iu
450 3693 553 3752 Placidi
571 3693 673 3749 Glosaio
692 3695 720 3748 in
738 3695 805 3749 Maii
823 3694 904 3750 Auct.
923 3694 997 3750 clara.
1020 3695 1052 3748 T.
1070 3697 1115 3748 ΙΙΙ.
1139 3715 1169 3766 p.
1180 3697 1248 3749 ator
1274 3698 1327 3746 In-

239 3781 367 3852 gluviem,
384 3775 520 3852 Cornutus
538 3793 665 3848 ventum,
681 3781 790 3835 Plinius
807 3783 979 3835 edacitatem.
1014 3783 1088 3836 ldem
1105 3781 1139 3833 Τ.
1151 3781 1198 3834 Vl.
1216 3799 1243 3852 p.
1256 3783 1326 3835 atilio

241 3871 429 3939 Magnoentum
446 3861 725 3941 alii'pinguiaeimum
743 3878 866 3921 extorum
891 3869 940 3936 [cic
958 3870 1009 3943 leg.
1030 3888 1081 3941 pro
1099 3869 1250 3936 exterun],·
1275 3868 1327 3918 alii

241 3955 360 4007 racundo
375 3965 508 4032 prouecta.
545 3961 681 4010 Cornutus
699 3957 829 4029 quicquid
840 3969 988 4026 mactatur,
1007 3960 1038 4010 td
1048 3968 1090 4012 cat
1106 3957 1237 4030 quicquid
1248 3966 1327 4008 otra-

242 4052 303 4109 tur,
329 4041 402 4095 undo
428 4041 521 4096 cadem
546 4042 632 4113 glossa
657 4045 731 4114 priua
755 4065 770 4098 a
794 4045 868 4100 Maio
892 4066 924 4100 ex
948 4046 1001 4101 alio
1026 4047 1120 4102 codice
1138 4045 1209 4098 edita
1229 4043 1261 4097 T.
1276 4046 1326 4100 lll.
1412 4057 1417 4064 ’

242 4149 269 4202 p.
284 4133 338 4187 485
358 4129 517 4202 corrigitur,
544 4146 596 4201 qua
615 4129 670 4184 oola
690 4150 753 4186 usus
769 4145 807 4189 ert
825 4134 1053 4210 lalaniuop.x1x,
1077 4137 1125 4210 qui
1145 4135 1217 4190 hunc
1234 4130 1265 4189 εἰ
1278 4154 1328 4188 eu-
