2984 4825
567 332 718 394 atat
762 365 805 377 -

149 502 323 564 intellectus
350 500 482 565 statuo.'’
532 497 660 582 tdem1)
690 498 735 561 sic
764 497 925 581 loquitur:
957 499 1058 578 „l-linc
1084 493 1227 580 sequitur

148 617 284 667 mentam
306 607 472 666 hermanum
498 614 621 682 partem
648 619 716 664 esse
743 601 862 664 infiniti
888 603 1064 666 intellectus
1092 599 1161 682 doi3
1191 623 1227 664 ac

147 707 282 789 proinde
303 729 373 770 cum
392 706 534 784 dicimus,
557 717 692 767 mentem
713 707 878 768 humanam
902 706 970 782 hoc,
989 706 1041 768 uel
1060 705 1138 768 illud
1155 725 1228 786 pcr-

147 811 277 891 spicere,
297 810 377 871 nihil
398 808 484 872 aliud
506 808 647 887 dicimus,
667 827 764 890 quam
784 806 871 890 quod
886 803 974 884 deus,
988 827 1058 886 ¹non
1075 821 1229 891 quatenus

148 911 288 972 infinitus
306 924 362 987 est,
383 910 438 974 sed
458 925 613 995 quatenus
633 933 692 994 per
712 926 857 974 naturam
877 913 1030 973 humanae
1045 913 1159 974 mentis
1175 933 1230 974 ex·

148 1015 293 1094 plicatur,
313 1015 380 1078 sire
396 1027 550 1098 quatenus
568 1017 722 1076 hnmanae
739 1015 853 1077 mentis
872 1013 1036 1078 essentiam
1059 1015 1230 1090 constituit,

148 1118 227 1178 hanc
259 1118 310 1180 vel
340 1118 426 1178 illam
457 1117 551 1178 habet
584 1114 715 1178 ideam.''
763 1117 850 1179 ldem
866 1116 895 1199 2)
929 1137 1055 1200 quoquc
1089 1115 1230 1178 dixerat:

147 1219 340 1297 „substantia
360 1219 497 1298 cogitans
520 1231 552 1282 et
573 1219 746 1281 substantia
768 1230 896 1281 extense
918 1241 979 1280 uns
999 1217 1169 1299 cademque
1185 1230 1231 1279 est

148 1321 335 1398 substantia,
365 1343 446 1404 quae
466 1323 527 1384 iam
550 1324 608 1384 sub
630 1323 705 1399 lsoc,
733 1323 795 1384 iam
817 1325 874 1384 sub
894 1323 953 1385 illo
974 1323 1128 1384 attributo
1149 1341 1231 1383 com-

147 1424 365 1504 prehenditur.
401 1425 470 1488 ,sic
498 1425 592 1487 etiam
621 1416 732 1489 modus
763 1425 955 1490 extensionis
986 1440 1017 1488 et
1045 1427 1116 1490 idea
1146 1427 1231 1488 illius

147 1526 235 1588 modi
262 1549 324 1590 una
349 1525 519 1610 eademque
543 1542 590 1590 est
611 1547 680 1606 res;
711 1527 765 1592 ssd
794 1527 915 1592 duobus
939 1529 1041 1604 modis
1066 1551 1230 1612 expressa3

147 1628 379 1713 quodquidam
395 1633 611 1693 Hebraeorum
633 1631 723 1713 quasi
744 1653 804 1712 per
823 1635 969 1696 nebulam
991 1631 1104 1696 vidisse
1122 1632 1231 1694 videu-

147 1744 210 1806 tur‚
233 1735 288 1814 qui
309 1734 427 1795 scilicet
447 1746 599 1808 statuunt,
627 1733 730 1810 deum,
757 1732 809 1793 dci
830 1735 1035 1811 intellectum,
1055 1755 1169 1815 resque
1191 1735 1229 1794 ab

148 1835 219 1913 ipso
240 1834 415 1894 intellectas
438 1853 535 1894 unum
557 1844 590 1894 el
611 1832 696 1895 idem
717 1853 794 1895 esse.

235 1936 325 1996 lianc
350 1948 455 1996 autem
481 1935 780 2016 praestantissimam
805 1936 1001 2020 antiquitatis
1027 1937 1232 2019 philosopho·

148 2061 221 2102 rum
242 2038 338 2102 fuisse
366 2039 565 2120 opinionem,
592 2040 637 2109 sic
663 2052 771 2114 monet
799 2041 978 2114 Macrobius
993 2039 1037 2125 ⁵):
1070 2049 1231 2108 animorum

149 2150 282 2222 arigim
303 2166 424 2206 mnam
449 2146 487 2206 dc
512 2147 595 2206 coelo
612 2151 683 2208 inter
709 2158 785 2208 reste
810 2148 1232 2228 ptrttusaptanaudatuazaa

149 2259 259 2310 comat
279 2268 338 2308 erse
359 2251 519 2309 mameluc.
561 2243 602 2306 Et
627 2244 754 2328 quidem
778 2245 860 2327 apud
882 2246 1004 2309 Stoicae
1027 2267 1043 2308 c
1065 2248 1231 2328 purissima

150 2350 229 2411 coeli
248 2362 404 2433 partepe
426 2342 692 2432 praestantissima
711 2348 851 2412 fluebant
878 2351 999 2412 animae
1025 2349 1135 2412 mundi
1159 2370 1232 2433 par·

149 2454 261 2531 ticula‚
295 2451 412 2516 scilicet
435 2476 452 2516 e
473 2452 627 2517 sideribus
649 2468 680 2517 et
703 2454 848 2537 aethere,
878 2476 971 2539 quem
994 2456 1034 2517 ob
1059 2457 1232 2517 hanc'cau·

150 2579 216 2620 sam
236 2556 537 2645 Pseudo-Orpheus
553 2557 582 2643 4)
611 2571 708 2645 vocat·
729 2559 943 2641 πυρίπνουν,
973 2562 1078 2627 πᾶσιν
1102 2555 1233 2641 colomis

150 2666 321 2744 ἔναυσμα,
342 2676 374 2721 et
397 2658 526 2743 κόσμου
546 2674 710 2748 στοιχεῖον,
728 2658 886 2745 ἄριστον,
909 2661 993 2743 quod
1016 2682 1054 2725 eo
1075 2662 1232 2726 animante

150 2762 255 2823 omnia
275 2776 471 2841 regerentuc.
523 2764 657 2827 Aniom
679 2764 848 2829 eorundum
871 2768 1032 2829 Zenonem
1055 2777 1087 2827 ct
1108 2764 1233 2829 Cicero·

150 2875 222 2925 nent
233 2863 263 2948 6)
283 2866 463 2929 hominibus
478 2867 569 2930 datus
586 2882 632 2930 cst
648 2885 689 2929 ex
703 2867 767 2930 illis
785 2870 985 2953 sempiternis
998 2870 1140 2949 ignibus.
1153 2888 1233 2951 quos

149 2968 252 3030 sidero
273 2982 305 3031 et
326 2972 432 3033 stellas
452 2972 591 3054 'vocatis3
612 2994 694 3057 quse
715 2975 861 3053 globosae
883 2986 916 3034 et
933 2968 1096 3047 rotundae,
1116 2968 1231 3035 divinis

149 3072 302 3134 animatae
331 3076 506 3153 mentibus,
535 3097 608 3139 suos
635 3076 727 3137 orbes
756 3074 922 3135 conficiunt
952 3070 1111 3135 celeritate
1137 3074 1232 3134 mira·

149 3174 218 3235 bili.
261 3175 378 3235 Seneca
394 3175 423 3257 6)
452 3176 528 3237 dicit
557 3177 717 3237 hominem
745 3174 847 3237 divini
870 3175 998 3255 spiritus
1021 3194 1085 3250 esse
1108 3186 1232 3255 partem

150 3295 186 3335 ac
207 3276 307 3337 veluti
326 3280 460 3342 scintillae
481 3276 632 3358 quasdam
652 3302 802 3344 coctorum
823 3278 980 3353 interrae
1002 3275 1163 3339 desiluisse
1185 3288 1232 3339 at-

151 3398 213 3459 que
241 3377 346 3439 alieno
372 3379 442 3440 loco
464 3380 615 3459 haesisse3
646 3382 702 3443 ubi
723 3379 891 3465 lipsius7)
913 3399 972 3461 pro
992 3400 1140 3443 sacrorum
1162 3378 1233 3441 leli·

151 3480 230 3539 citer
249 3477 395 3540 emendat
416 3495 570 3544 astrorum.
613 3483 665 3546 Sic
686 3482 863 3547 Heraclitus
881 3483 1041 3566 Physicus,
1060 3492 1141 3544 testa
1162 3482 1231 3543 Ma·

221 3662 254 3731 t)
271 3660 403 3715 Corollar.
422 3680 530 3735 propos.
550 3666 596 3719 xl.
614 3682 675 3736 pag.
691 3668 736 3719 lt).
754 3665 799 3734 [T.
820 3666 853 3720 ΙΙ.
870 3684 896 3737 p.
913 3668 949 3719 8l
967 3666 1010 3719 sd.
1028 3664 1126 3732 Pauli]

223 3750 253 3818 2)
270 3748 377 3805 Ethnic.
389 3763 457 3823 pert.
467 3754 501 3806 ll.
511 3752 592 3807 schol.
606 3771 714 3826 propos.
726 3756 787 3809 Vll.
801 3774 827 3827 p.
836 3758 880 3809 46.
900 3754 943 3823 [Τ.
954 3757 987 3809 ll.
999 3770 1027 3826 p.
1037 3758 1070 3807 82
1086 3752 1127 3807 ed.
1134 3750 1229 3819 Pauli]

223 3840 254 3907 8)
272 3838 367 3893 Somn.
385 3839 460 3912 Scip.
480 3843 500 3907 l,
518 3844 544 3896 ⁹.
562 3862 590 3914 p.
608 3846 653 3899 38.
676 3842 731 3911 [De
749 3843 854 3916 origine
875 3844 1028 3899 animarum
1047 3862 1070 3901 v.
1090 3842 1231 3915 Augustin-

151 3926 235 4000 Epist.
253 3930 308 3996 ²1]
631 3924 643 3963 ἶ

153 4068 171 4083 ,
221 4016 254 4085 t)
271 4009 393 4071 Aetheris
407 4016 500 4090 hymn.
521 4039 542 4071 s.
560 4021 578 4073 3
596 4030 623 4073 ct
640 4024 665 4073 4.
701 4022 733 4090 t)
752 4018 849 4077 Somn.
866 4020 940 4094 Scip·
959 4042 982 4081 c·
1001 4027 1026 4081 8.

222 4105 253 4174 6)
271 4104 314 4159 De
330 4106 387 4159 otio
403 4108 513 4178 sapient.
531 4128 555 4163 c.
572 4111 616 4163 32.

223 4193 254 4263 l)
272 4192 352 4267 Ptya.
368 4193 450 4250 Stoic.
469 4188 516 4251 ltl.
532 4196 592 4252 diss.
610 4200 633 4251 8.
653 4217 679 4270 p.
697 4200 759 4253 108.
782 4229 786 4239 ·
