2984 4825
549 384 785 444 -ttt-

128 576 189 622 σιν.
232 552 284 616 ste
308 549 393 634 epod
412 549 580 612 Stobaeom
597 548 624 635 ¹)
645 549 778 628 legitur:
809 539 1032 634 Παρμενίδης
1052 549 1107 615 unt
1132 547 1207 634 Πή-

127 681 238 742 ruooc,
259 654 408 738 πυρώδη.
452 654 514 715 Pro
537 650 711 738 Πήγασος,
735 651 793 735 qui
814 673 973 734 nunquam
996 652 1067 730 luit,
1090 655 1207 734 Leucip-

125 759 275 840 perlegit
298 757 456 836 interpres
478 755 611 835 lutluuo3
637 755 697 818 ium
719 755 843 837 pridem
866 775 883 816 e
906 752 1109 824 Theodoreto
1124 749 1207 818 ‘'Iur-

131 883 237 933 uuooe
261 877 480 939 repoeuerum,
511 877 581 918 cum
608 870 719 938 postea
744 857 939 939 deprehendi
961 857 1041 918 bunc
1064 855 1208 918 emendu-

128 961 245 1023 tionem
266 961 361 1023 fuieee
382 971 563 1041 occupatum
581 983 599 1021 u
616 960 786 1036 Gutukero,
807 981 900 1042 quem
920 959 1019 1024 miror
1035 958 1127 1018 simul
1144 978 1206 1020 non

130 1062 242 1125 vidisse
263 1064 297 1125 in
322 1065 522 1128 Tertulliano
534 1063 581 1144 2),
606 1062 691 1144 opud
713 1083 808 1144 quem
832 1067 998 1148 Hipporum
1022 1069 1053 1120 el
1075 1062 1208 1122 Heracli·

129 1180 172 1228 tus
192 1187 233 1227 ex
256 1166 322 1246 igni
343 1167 478 1258 unimam
500 1165 647 1244 effingere
676 1163 841 1243 dicuntur,
872 1178 903 1227 et
932 1164 964 1224 in
993 1161 1155 1223 Macrobio
1171 1160 1209 1242 5),

129 1269 210 1348 apud
230 1291 334 1351 quem,
360 1291 428 1331 eum
449 1269 553 1350 ignem
573 1281 675 1343 vocet,
697 1273 891 1352 Hipparchus,
911 1285 970 1348 pro
992 1269 1157 1349 Hipponous
1178 1276 1209 1326 et

128 1377 313 1457 Hipparchus
333 1374 462 1436 omniuo
484 1370 650 1451 legendum
672 1376 830 1455 Hippasus,
851 1372 906 1454 qui
924 1371 968 1431 tic
987 1380 1019 1431 et
1037 1367 1121 1448 opud
1138 1368 1210 1430 Ari-

129 1477 270 1537 etotelem
284 1473 315 1556 4)
344 1473 504 1536 Heraclito
533 1489 635 1536 comes
663 1473 856 1553 adiungitur.
909 1474 958 1534 De
987 1473 1079 1552 ignea
1104 1483 1209 1532 autem

128 1577 296 1640 necundum
316 1577 512 1638 Heraclitum
533 1576 635 1637 uuime
657 1576 766 1638 confer
783 1572 944 1638 Olearium
963 1571 1002 1658 ⁵).
1045 1573 1126 1634 Hinc
1145 1574 1208 1634 He-

129 1680 270 1764 raclitus,
295 1681 352 1762 qui
372 1680 513 1741 ¹unimam
536 1669 672 1763 πυρώδη
692 1699 760 1740 esee
784 1678 998 1753 exietimnbut,
1021 1674 1103 1736 dixit
1124 1675 1208 1755 upud

129 1782 297 1844 stobaeum
311 1779 357 1864 ⁶)=
379 1776 450 1861 urin
469 1773 563 1865 ψυχὴ
581 1772 761 1861 ooou'cdubp
780 1778 836 1844 eol
859 1771 989 1860 ἀρίστη,
1012 1774 1044 1836 id
1063 1787 1109 1837 eut
1128 1777 1210 1856 opti-

129 1904 197 1944 mus
228 1894 260 1943 et
284 1879 530 1961 sapientissimus
552 1879 608 1938 ille
633 1889 680 1939 eet
704 1879 845 1956 unimus,
877 1878 933 1960 qui
956 1877 1054 1940 siccus
1079 1874 1118 1937 ad
1143 1900 1210 1942 nu-

129 1978 216 2067 ρώδη
234 1979 356 2050 ou'oe'ow
375 1980 521 2062 proxime
544 1978 672 2057 aceedit,
693 1980 777 2062 quod
802 1991 885 2042 reete
903 1980 1132 2060 interpretetur
1148 1980 1210 2040 Vir

129 2078 248 2163 doctus,
271 2085 310 2147 de
334 2087 394 2146 hoc
416 2084 544 2148 omuino
566 2080 720 2146 videndus
734 2081 774 2166 ⁷),
795 2103 952 2166 quemque
971 2084 1098 2143 Petrum
1114 2083 1210 2144 Wes-

131 2189 297 2268 eelingium
318 2208 385 2249 eree
405 2196 536 2248 constet.
578 2183 663 2246 ldem
686 2183 804 2246 ibidem
824 2184 1001 2247 Heraclitus
1025 2177 1111 2266 ἀνὴρ
1132 2177 1208 2249 o‘ud-

129 2317 196 2357 ταν
216 2291 381 2375 μεθυσθῇ
405 2331 541 2351 .....
563 2283 674 2372 v‘ypriu
696 2280 759 2369 τήν
784 2284 899 2375 ψυχήν
919 2291 1020 2374 ἔχων,
1047 2287 1101 2346 ubi
1124 2285 1210 2346 viden

129 2385 194 2477 τὴν
215 2385 323 2476 ὑγρὴν
342 2386 467 2478 ψυχὴν,
490 2399 617 2455 orimum
638 2392 784 2452 humidum
806 2388 942 2451 bominis
963 2389 1044 2450 ebrii
1065 2389 1107 2473 τῇ
1130 2383 1210 2473 αὕη,

128 2503 239 2571 siccae,
259 2495 304 2557 ibi
326 2494 503 2574 oppositum
526 2514 603 2556 eure.

215 2598 298 2676 Nee,
320 2598 420 2657 nteit
441 2593 668 2680 Foreteruff),
695 2594 943 2676 praetereundus
966 2606 1013 2657 est
1035 2595 1210 2674 Hippocra-

129 2713 189 2776 tee,
210 2700 276 2780 qui,
298 2710 409 2777 utpote
431 2712 463 2761 et
483 2700 552 2780 ipre
572 2697 761 2775 Heraclitue,
782 2696 820 2758 de
839 2715 887 2774 eo,
909 2697 965 2779 qui
983 2696 1209 2773 homiminem,

129 2802 235 2863 colore
248 2800 292 2862 oie
305 2801 448 2882 loquitur
460 2800 505 2887 ⁹):
528 2808 565 2869 ἐν
585 2798 695 2884 τούτῳ
715 2795 818 2889 ψυχή,
839 2796 930 2880 uo'or,
953 2796 1123 2885 φρόνησις,
1146 2795 1209 2864 oni·

128 2944 416 2956 -ι--ι

203 3015 233 3084 1)
251 3016 308 3073 ΕοΙ.
328 3016 402 3091 pbys.
421 3040 447 3091 p.
467 3023 509 3076 93.
546 3020 590 3089 [Τ.
609 3020 641 3074 ll.
667 3040 694 3092 p.
711 3022 765 3074 'tto
790 3018 832 3072 ed.
856 3018 970 3070 lleeren.
995 3034 1076 3087 quem
1103 3016 1210 3086 egregia

128 3107 197 3161 haee
216 3106 370 3159 emendatio
387 3107 470 3179 sugit,
489 3108 648 3162 dubitationi
666 3118 741 3163 tanto
762 3107 852 3159 minus
870 3104 999 3168 obnoxia,
1024 3114 1125 3173 quanto
1145 3103 1210 3156 suci-

128 3197 183 3247 lius
202 3194 381 3247 llHFACOC
397 3204 424 3246 et
440 3196 609 3249 IIIHAOOG
624 3197 696 3249 inter
712 3214 740 3249 re
759 3191 889 3247 contundi
908 3190 1073 3262 potuerunt]

204 3280 234 3348 2)
253 3280 294 3331 De
311 3280 399 3331 anime
420 3299 443 3334 c.
462 3285 488 3334 ⁵.
507 3301 534 3351 p.
553 3286 614 3336 tot.
682 3283 713 3352 3)
730 3281 824 3335 Somn.
843 3279 915 3352 Scip.
932 3278 951 3344 Ι,
971 3279 1013 3331 14.
1031 3296 1059 3348 p.
1077 3279 1120 3329 tt.

205 3366 235 3434 4)
253 3364 371 3437 Metapb.
388 3385 412 3419 c.
430 3368 456 3421 3.
473 3366 505 3419 T.
525 3366 556 3420 ll.
576 3388 601 3439 p.
621 3370 682 3422 843.

204 3454 235 3522 5)
256 3454 366 3509 Dissert.
385 3452 467 3525 prior.
487 3452 520 3507 de
539 3456 654 3526 princip.
672 3474 762 3508 rerum
787 3454 950 3509 naturalium
970 3474 999 3507 ex
1018 3462 1107 3505 mente
1126 3449 1210 3502 ileru-

130 3542 206 3609 etin,
232 3561 278 3596 seu
296 3542 330 3594 de
347 3542 409 3613 igne
426 3562 517 3595 rerum
541 3544 664 3595 omnium
688 3544 822 3615 principio
848 3564 875 3615 p.
891 3546 945 3598 844
964 3562 1039 3614 seqq.
1081 3538 1211 3592 Historiae

130 3630 230 3703 philos.
248 3630 366 3703 Stanley.

206 3718 237 3787 b)
253 3718 311 3771 Eut.
328 3717 404 3790 phys.
423 3736 447 3771 c.
465 3721 508 3773 3¹(-
528 3737 554 3788 p.
572 3720 634 3773 123.

205 3806 236 3874 ἵ)
255 3804 367 3858 Miscell.
386 3803 452 3856 Obs.
471 3802 533 3855 Vol.
546 3805 578 3853 V.
597 3803 622 3854 T
624 3841 630 3854 .
644 3805 689 3856 lli.
708 3823 733 3874 p.
746 3808 781 3860 tt
797 3824 870 3879 seqq.
908 3805 957 3875 [lbi
978 3801 1115 3876 disputatis
1134 3799 1210 3867 adde,

130 3912 206 3966 quae
223 3893 334 3947 auctarii
353 3892 436 3945 instar
453 3890 585 3962 supplevit
604 3890 722 3961 lleyniue
740 3893 771 3942 de
791 3894 933 3946 unimobur
952 3894 1044 3951 ticcio,
1067 3910 1099 3943 ex
1120 3892 1210 3941 Iluro-

127 3983 214 4034 clueo
230 3982 347 4050 placito,
374 3981 472 4049 optime
490 3978 528 4028 od
545 3978 707 4048 rapientium
729 3990 756 4029 et
776 3980 905 4035 uirtutem
928 3983 1084 4047 instructis,
1110 3976 1212 4050 Opusc.

125 4070 210 4124 acad.
227 4068 258 4120 T.
280 4068 323 4120 tlt.
340 4087 367 4138 p.
385 4070 420 4121 93
439 4064 491 4137 rq.]

206 4155 237 4225 8)
255 4156 355 4208 Annot.
375 4154 408 4207 ad
427 4152 547 4205 Platonis
564 4149 736 4204 Phaedonem
755 4173 781 4224 p.
801 4157 863 4209 385.

207 4246 237 4314 9)
256 4244 297 4297 De
316 4244 401 4297 diaeta
422 4245 443 4311 l,
464 4244 508 4309 11,
525 4246 568 4297 43.
588 4262 615 4313 p·
634 4244 695 4294 189.

865 4342 905 4403 35
916 4338 932 4376 *
