2984 4825
531 353 769 416 —tta-

119 524 184 604 lgna
204 521 372 585 artificioso
393 532 589 601 constaotcs3
609 542 705 604 quiam
723 520 803 599 ignis
819 520 979 584 artificiosi
996 522 1130 603 speciem
1148 521 1192 583 sic

120 647 240 708 prorata
261 629 300 687 ab
323 624 526 686 inartificioso
547 623 728 702 distinguit,
758 636 794 687 ut
815 624 938 687 Stoicus
958 623 1075 687 Balbus
1095 645 1190 704 supra

116 729 268 803 laudatus,
290 727 346 807 qui
367 738 536 809 utramque
557 725 670 790 iisdem
690 726 834 808 depingit
856 729 1032 790 coloribus:
1066 720 1190 810 Ζήνων

116 825 171 900 οῦν
190 825 289 914 ἥλιόν
312 852 392 912 φησι
414 828 470 894 sal
492 829 557 913 τήν
579 825 726 913 σελήνην
755 832 808 898 οιαὶ
836 829 904 897 ’νῦν
930 825 1039 894 ἄλλον
1061 823 1191 912 ἄστρων

116 941 250 999 saonae
274 929 371 995 αἷναι
405 924 529 1013 νοερόν
559 930 614 998 sal
648 926 837 1015 φρόνιμον,
871 923 1016 1016 παρινόν
1047 931 1118 1012 arip
1147 923 1192 1003 aiu

117 1033 280 1121 οεχνιιιοῦ,
300 1031 356 1092 ubi
377 1033 487 1112 procul
508 1030 605 1094 dubio
626 1034 776 1113 rescribe,
798 1026 942 1115 παρινόν
959 1030 1066 1115 σιαρὸς
1083 1053 1193 1116 τεχνι-

115 1135 187 1212 ιιοῦ,
204 1148 240 1197 ut
255 1134 339 1216 apud
355 1134 490 1198 eundem
503 1135 672 1197 stobaeum
687 1135 714 1219 ¹)
729 1138 820 1198 Zeno
833 1137 940 1196 lunam
958 1145 1048 1196 vocat
1063 1128 1192 1213 ῦσοραν

115 1233 228 1319 νοερὸν
251 1237 306 1304 καὶ
330 1229 512 1320 φρόνιμον,
534 1231 681 1321 ααρινόν
702 1238 737 1305 dl
762 1235 869 1323 σιορὸς
890 1237 1059 1324 τεχνικοῦ,
1080 1232 1112 1294 id
1135 1243 1192 1310 0⁸¹,

116 1360 153 1400 ex
171 1339 242 1418 igne
263 1339 432 1402 artificioso
454 1352 659 1403 constantem.

193 1443 243 1503 Ex
263 1442 322 1505 hoo
342 1441 471 1505 Stohaei
491 1445 562 1506 loco
584 1455 716 1522 constat,
736 1444 854 1521 lunanr,
883 1451 993 1522 utpote
1015 1438 1192 1518 intelligen-

113 1555 191 1622 tem,
219 1543 406 1606 sentientem
427 1554 459 1607 ct
478 1545 602 1624 igneam
624 1565 690 1608 esse
713 1558 745 1608 et
764 1545 865 1628 ipsam
886 1557 1010 1626 partem
1030 1539 1084 1602 dei
1102 1539 1191 1602 deifi-

112 1660 216 1709 catam.
270 1646 323 1709 Sic
341 1647 552 1710 Anaximenes
574 1659 607 1709 et
626 1647 828 1710 Parmenides
854 1644 940 1726 apud
960 1643 1094 1706 eundem
1119 1641 1192 1705 Sto-

112 1752 219 1811 bacum
232 1749 262 1834 2)
283 1750 404 1829 pariter
429 1751 541 1812 colunt
567 1750 674 1810 lunam
701 1768 767 1811 esse
790 1740 940 1830 παρινῆν
961 1757 993 1806 et
1014 1743 1191 1820 Clearchus,

112 1851 194 1931 apud
214 1852 416 1912 Plutarchum
429 1849 473 1931 ³),
492 1869 561 1910 eam
585 1860 676 1911 cocat
696 1843 822 1931 ἄστρον
844 1845 1002 1929 αἰθέριον
1023 1847 1079 1912 καὶ
1102 1867 1191 1930 ροισ-

113 1951 227 2038 φῦρσν.
270 1954 313 2013 At
330 1971 394 2014 non
413 1971 453 2011 ex
469 1950 542 2028 igue
559 1968 642 2030 puro
659 1949 831 2010 constabat.
873 1945 969 2028 Apud
985 1947 1190 2031 Stobaeuml)

111 2051 298 2138 Κλεάνθης
324 2053 485 2138 πυροειδῆ
513 2045 576 2135 τὴν
605 2049 751 2135 σελήνην
758 2099 769 2129 ,
803 2049 963 2135 uniendo}
984 2049 1019 2117 dl
1044 2053 1088 2136 τῷ
1110 2045 1194 2138 σγὴ-ι

110 2181 195 2240 part
217 2156 303 2219 dicit.
355 2154 451 2236 Apud
477 2153 611 2216 eundem
631 2150 844 2237 Stobacum5)
866 2150 1036 2214 Posidonio
1063 2173 1099 2213 ac
1123 2154 1191 2233 ple·

111 2259 219 2341 risque
240 2260 353 2322 Stoicis
375 2281 417 2322 ex
434 2261 508 2339 igne
529 2272 562 2323 et
581 2267 654 2321 adra
680 2258 806 2323 uidetur
835 2268 1008 2336 temperata
1028 2257 1191 2337 permista·

109 2384 189 2446 qna:
212 2358 454 2443 Ποσειδώνιος,
481 2363 536 2432 sai
567 2367 599 2429 οἱ
627 2364 775 2429 πλεῖστοι
796 2361 864 2426 σῦν
888 2359 1043 2427 Σιαϊαῦν
1064 2355 1191 2442 μικτὴν

109 2471 145 2531 ἐκ
168 2461 274 2551 παρόα
294 2470 348 2536 οιαὶ
370 2460 478 2549 ῦὲρος.
530 2464 615 2528 Vide
642 2477 674 2527 et
702 2464 905 2527 Plutarchum
920 2458 967 2545 6),
997 2461 1054 2543 qui
1074 2460 1149 2523 dicit
1162 2460 1191 2545 ⁷)

107 2567 222 2631 Stoicis
243 2571 351 2632 lunam
374 2569 476 2633 videri
496 2561 593 2653 ois'poc
613 2568 728 2653 μίγμα
750 2569 804 2635 καὶ
825 2560 983 2649 pauliano
1004 2558 1120 2645 παρόν.

197 2672 337 2735 Eandem
367 2692 496 2755 quoque
527 2673 633 2733 lunam
664 2667 844 2753 πρόσγειον
874 2666 981 2729 dicunt
1009 2665 1126 2742 δῑθῖοὶ,
1155 2678 1190 2727 ul

104 2773 230 2837 Plinius
246 2773 273 2855 8)
294 2784 376 2839 terris
388 2778 645 2858 familiarissimum
664 2776 753 2837 adm.
796 2770 847 2834 Sic
863 2768 1021 2831 Cornutus
1033 2765 1062 2853 9)
1083 2770 1191 2831 lunam

104 2878 249 2956 appellat
270 2875 537 2964 προσγεισαῦιην
558 2879 626 2944 νῦν
647 2870 829 2961 οῦρανίων.
871 2873 979 2951 Stoici,
1001 2883 1079 2933 teste
1095 2870 1191 2933 Laer-

104 2979 154 3038 tio
170 2976 232 3062 l⁰),
253 2981 476 3066 γιαδεοσέραν
497 2976 561 3065 τῆν
583 2974 746 3064 σελήνην,
767 2971 830 3043 cicc
852 2978 907 3044 uni
929 2974 1191 3059 προσγειοτέραν

102 3094 238 3159 vocaut;
269 3081 400 3143 eandem
422 3081 544 3144 uidebis
572 3081 679 3141 lunam
701 3080 741 3138 ab
769 3075 878 3137 eodem
899 3076 1026 3137 Laertio
1048 3075 1131 3135 inira
1146 3073 1188 3157 l¹)

102 3182 234 3260 dictam,
257 3177 422 3267 ἀερομιγῆ
441 3183 497 3246 καὶ
519 3177 713 3263 πρόσγειον,
733 3176 777 3249 aie
798 3172 816 3242 ὁ
839 3171 1064 3247 Ποσειδώνιος
1085 3180 1123 3240 ἐν
1143 3176 1189 3258 τῷ

99 3292 188 3369 serp
211 3286 275 3351 τοῦ
295 3283 436 3365 φυσικοῦ
452 3277 565 3364 λόγου.
607 3279 659 3343 stc
671 3278 850 3357 Leucippus
870 3276 953 3358 apud
971 3276 1131 3337 Laertium
1145 3272 1188 3359 ¹²)

99 3384 184 3447 dicit
211 3380 271 3451 τὸν
298 3376 423 3453 atinias*
451 3386 513 3469 τῆς
542 3380 685 3467 σελήνης
706 3380 795 3448 εἶναι
817 3374 1091 3467 προσγειότατον.
1135 3378 1189 3438 Ti·

177 3604 211 3671 1)
230 3601 289 3655 Ecl.
305 3600 380 3675 phys.
397 3622 427 3675 ρ.
444 3606 490 3659 59.
659 3604 692 3671 2)
709 3600 777 3655 lhid.

178 3692 211 3756 3)
230 3689 272 3742 Dc
291 3689 404 3743 lacinia
423 3690 489 3745 orhc
506 3690 587 3743 lunas
604 3700 751 3763 apparente
771 3708 798 3761 ρ.
815 3690 877 3743 ⁹21.

176 3780 210 3843 4)
229 3776 286 3831 Eel.
302 3776 377 3849 playa.
395 3797 423 3849 p.
442 3780 485 3833 59.
652 3779 685 3844 5)
705 3776 773 3831 lhid.

177 3868 211 3932 6)
229 3864 271 3918 De
278 3864 417 3938 plaaphil.
425 3867 459 3932 ll,
469 3869 513 3921 15.
525 3885 551 3937 p.
558 3867 618 3919 tot.
653 3867 686 3931 t)
703 3863 746 3917 De
759 3860 827 3917 lacis
841 3862 870 3915 in
884 3862 949 3917 orbs
963 3860 1043 3917 lunae
1058 3864 1151 3935 phil.

176 3953 210 4020 8)
228 3951 261 4005 il.
278 3952 312 4005 N.
331 3955 365 4020 ll,
379 3955 406 4009 9.
424 3952 554 4025 [Reliquis
571 3949 647 4005 astris
664 3949 788 4004 lunarem
807 3961 911 4005 motum
928 3961 1012 4006 terrac
1031 3968 1086 4005 esse
1105 3966 1186 4021 spao-

84 4036 248 4111 yruirspar,
276 4037 342 4093 dixit
357 4038 537 4095 Nicomachus
553 4039 647 4095 llarm.
664 4043 690 4093 t.
706 4060 733 4111 p.
750 4043 767 4095 b
792 4051 818 4095 et
833 4038 864 4093 ll.
883 4058 910 4111 p.
928 4042 965 4094 at
982 4038 1024 4093 sd.
1043 4038 1185 4106 Medeam]

175 4131 209 4196 a)
228 4127 294 4200 Cap.
311 4132 357 4183 tt.
374 4149 402 4200 p.
420 4132 481 4184 ast.
641 4131 692 4195 tu)
710 4129 776 4199 Peg.
794 4131 856 4183 198.

155 4218 210 4286 11)
228 4217 295 4289 Peg.
313 4218 375 4274 199.
645 4220 696 4285 tt)
714 4216 782 4287 Pap.
797 4219 860 4273 115.
