<?xml version="1.0" encoding="UTF-8"?>
<!DOCTYPE html PUBLIC "-//W3C//DTD XHTML 1.0 Transitional//EN"
    "http://www.w3.org/TR/xhtml1/DTD/xhtml1-transitional.dtd">
<html xmlns="http://www.w3.org/1999/xhtml" xml:lang="en" lang="en">
 <head>
  <title>
</title>
<meta http-equiv="Content-Type" content="text/html;charset=utf-8" />
  <meta name='ocr-system' content='tesseract 3.04.00' />
  <meta name='ocr-capabilities' content='ocr_page ocr_carea ocr_par ocr_line ocrx_word'/>
</head>
<body>
  <div class='ocr_page' id='page_1' title='image "./denaturadeorum01corngoog/denaturadeorum01corngoog_0527.png"; bbox 0 0 2984 4825; ppageno 0'>
   <div class='ocr_carea' id='block_1_1' title="bbox 561 371 797 433">
    <p class='ocr_par' dir='ltr' id='par_1_1' title="bbox 561 371 797 433">
     <span class='ocr_line' id='line_1_1' title="bbox 561 371 797 433; baseline -0.013 -14"><span class='ocrx_word' id='word_1_1' title='bbox 561 371 797 433; x_wconf 72' lang='grc'><strong>..465-</strong></span> 
     </span>
    </p>
   </div>
   <div class='ocr_carea' id='block_1_2' title="bbox 133 535 1252 3487">
    <p class='ocr_par' dir='ltr' id='par_1_2' title="bbox 135 535 1252 2978">
     <span class='ocr_line' id='line_1_2' title="bbox 227 535 1208 623; baseline -0.001 -20"><span class='ocrx_word' id='word_1_2' title='bbox 227 538 278 603; x_wconf 86' lang='lat' dir='ltr'><strong>Sic</strong></span> <span class='ocrx_word' id='word_1_3' title='bbox 298 539 417 602; x_wconf 75' lang='lat' dir='ltr'>Plinius</span> <span class='ocrx_word' id='word_1_4' title='bbox 433 536 477 623; x_wconf 76' lang='grc' dir='ltr'><strong>1)ι</strong></span> <span class='ocrx_word' id='word_1_5' title='bbox 499 538 630 621; x_wconf 79' lang='lat' dir='ltr'><strong>smmum</strong></span> <span class='ocrx_word' id='word_1_6' title='bbox 651 545 710 603; x_wconf 84' lang='grc' dir='ltr'><strong>αόι</strong></span> <span class='ocrx_word' id='word_1_7' title='bbox 729 535 868 623; x_wconf 85' lang='lat' dir='ltr'><strong>(muntii)</strong></span> <span class='ocrx_word' id='word_1_8' title='bbox 888 547 917 602; x_wconf 71' lang='grc' dir='ltr'><strong>ιιι</strong></span> <span class='ocrx_word' id='word_1_9' title='bbox 935 545 1053 621; x_wconf 82' lang='lat' dir='ltr'><strong>speciem</strong></span> <span class='ocrx_word' id='word_1_10' title='bbox 1073 542 1148 602; x_wconf 81' lang='lat' dir='ltr'><strong>orlls</strong></span> <span class='ocrx_word' id='word_1_11' title='bbox 1168 542 1208 602; x_wconf 85' lang='lat' dir='ltr'><strong>ol</strong></span> 
     </span>
     <span class='ocr_line' id='line_1_3' title="bbox 141 644 1221 725; baseline 0 -20"><span class='ocrx_word' id='word_1_12' title='bbox 141 644 223 706; x_wconf 81' lang='lat' dir='ltr'><strong>solmi</strong></span> <span class='ocrx_word' id='word_1_13' title='bbox 239 647 383 723; x_wconf 67' lang='lat' dir='ltr'><strong>globosum</strong></span> <span class='ocrx_word' id='word_1_14' title='bbox 404 664 479 719; x_wconf 80' lang='lat' dir='ltr'><strong>esse,</strong></span> <span class='ocrx_word' id='word_1_15' title='bbox 506 664 605 705; x_wconf 81' lang='lat' dir='ltr'><strong>nomm</strong></span> <span class='ocrx_word' id='word_1_16' title='bbox 625 646 766 725; x_wconf 81' lang='lat' dir='ltr'><strong>inprimis,</strong></span> <span class='ocrx_word' id='word_1_17' title='bbox 796 654 991 705; x_wconf 73' lang='lat' dir='ltr'><strong>secamus</strong></span> <span class='ocrx_word' id='word_1_18' title='bbox 1012 648 1041 703; x_wconf 83' lang='lat' dir='ltr'><strong>iu</strong></span> <span class='ocrx_word' id='word_1_19' title='bbox 1058 663 1093 705; x_wconf 81' lang='grc' dir='ltr'><strong>ιο</strong></span> <span class='ocrx_word' id='word_1_20' title='bbox 1112 654 1221 705; x_wconf 75' lang='lat' dir='ltr'><strong>morto·</strong></span> 
     </span>
     <span class='ocr_line' id='line_1_4' title="bbox 140 743 1221 827; baseline -0.002 -20"><span class='ocrx_word' id='word_1_21' title='bbox 140 749 216 825; x_wconf 71' lang='lat' dir='ltr'><strong>tum,</strong></span> <span class='ocrx_word' id='word_1_22' title='bbox 236 748 331 808; x_wconf 76' lang='lat' dir='ltr'><strong>orbem</strong></span> <span class='ocrx_word' id='word_1_23' title='bbox 348 748 556 827; x_wconf 78' lang='lat' dir='ltr'><strong>appellmnium,</strong></span> <span class='ocrx_word' id='word_1_24' title='bbox 575 747 627 807; x_wconf 79' lang='lat' dir='ltr'><strong>ssd</strong></span> <span class='ocrx_word' id='word_1_25' title='bbox 644 758 671 808; x_wconf 81' lang='lat' dir='ltr'><strong>et</strong></span> <span class='ocrx_word' id='word_1_26' title='bbox 690 758 858 824; x_wconf 70' lang='grc' dir='ltr'><strong><em>σιραοιαιια</em></strong></span> <span class='ocrx_word' id='word_1_27' title='bbox 874 766 970 805; x_wconf 78' lang='lat' dir='ltr'><strong>rerum</strong></span> <span class='ocrx_word' id='word_1_28' title='bbox 984 745 1093 809; x_wconf 77' lang='grc' dir='ltr'><strong><em>δσιαιι.</em></strong></span> <span class='ocrx_word' id='word_1_29' title='bbox 1134 743 1221 807; x_wconf 83' lang='lat' dir='ltr'><strong>Idem</strong></span> 
     </span>
     <span class='ocr_line' id='line_1_5' title="bbox 140 846 1221 931; baseline 0.004 -24"><span class='ocrx_word' id='word_1_30' title='bbox 140 846 222 907; x_wconf 79' lang='lat' dir='ltr'><strong>inire</strong></span> <span class='ocrx_word' id='word_1_31' title='bbox 244 846 328 925; x_wconf 86' lang='lat' dir='ltr'><strong>dicit,</strong></span> <span class='ocrx_word' id='word_1_32' title='bbox 355 849 435 909; x_wconf 83' lang='lat' dir='ltr'><strong>hene</strong></span> <span class='ocrx_word' id='word_1_33' title='bbox 455 846 586 926; x_wconf 83' lang='lat' dir='ltr'><strong>ligurem</strong></span> <span class='ocrx_word' id='word_1_34' title='bbox 607 850 651 910; x_wconf 87' lang='grc' dir='ltr'><strong>αδ</strong></span> <span class='ocrx_word' id='word_1_35' title='bbox 669 862 785 925; x_wconf 71' lang='lat' dir='ltr'><strong>mum,</strong></span> <span class='ocrx_word' id='word_1_36' title='bbox 809 869 865 931; x_wconf 84' lang='lat' dir='ltr'><strong>qno</strong></span> <span class='ocrx_word' id='word_1_37' title='bbox 883 846 1002 907; x_wconf 80' lang='lat' dir='ltr'><strong>suhshde</strong></span> <span class='ocrx_word' id='word_1_38' title='bbox 1021 852 1093 909; x_wconf 79' lang='lat' dir='ltr'><strong>vetti</strong></span> <span class='ocrx_word' id='word_1_39' title='bbox 1109 849 1221 925; x_wconf 64' lang='lat' dir='ltr'><strong>Meas,</strong></span> 
     </span>
     <span class='ocr_line' id='line_1_6' title="bbox 140 940 1221 1033; baseline 0.006 -23"><span class='ocrx_word' id='word_1_40' title='bbox 140 949 328 1029; x_wconf 75' lang='lat' dir='ltr'>aptissimam</span> <span class='ocrx_word' id='word_1_41' title='bbox 351 968 435 1027; x_wconf 85' lang='lat' dir='ltr'><strong>esee,</strong></span> <span class='ocrx_word' id='word_1_42' title='bbox 466 962 501 1011; x_wconf 89' lang='lat' dir='ltr'><strong>ut</strong></span> <span class='ocrx_word' id='word_1_43' title='bbox 523 970 589 1011; x_wconf 81' lang='lat' dir='ltr'><strong>eam</strong></span> <span class='ocrx_word' id='word_1_44' title='bbox 615 943 700 1033; x_wconf 82' lang='grc' dir='ltr'><strong><em>ηρδς</em></strong></span> <span class='ocrx_word' id='word_1_45' title='bbox 719 947 786 1032; x_wconf 69' lang='grc' dir='ltr'><strong>τῆν</strong></span> <span class='ocrx_word' id='word_1_46' title='bbox 811 951 944 1033; x_wconf 74' lang='grc' dir='ltr'><strong>κίνησιν</strong></span> <span class='ocrx_word' id='word_1_47' title='bbox 965 940 1221 1032; x_wconf 69' lang='grc' dir='ltr'><strong><em>α’ρμοδιόοαιον</em></strong></span> 
     </span>
     <span class='ocr_line' id='line_1_7' title="bbox 140 1048 1221 1131; baseline 0.001 -19"><span class='ocrx_word' id='word_1_48' title='bbox 140 1064 229 1112; x_wconf 87' lang='lat' dir='ltr'><strong>vocnt</strong></span> <span class='ocrx_word' id='word_1_49' title='bbox 251 1052 395 1113; x_wconf 74' lang='lat' dir='ltr'><strong>Laertius</strong></span> <span class='ocrx_word' id='word_1_50' title='bbox 416 1071 510 1131; x_wconf 81' lang='lat' dir='ltr'><strong>supra</strong></span> <span class='ocrx_word' id='word_1_51' title='bbox 531 1050 686 1113; x_wconf 78' lang='lat' dir='ltr'><strong>lautlntus.</strong></span> <span class='ocrx_word' id='word_1_52' title='bbox 732 1048 888 1111; x_wconf 82' lang='lat' dir='ltr'><strong>Mundum</strong></span> <span class='ocrx_word' id='word_1_53' title='bbox 909 1068 1037 1131; x_wconf 83' lang='lat' dir='ltr'><strong>quoque</strong></span> <span class='ocrx_word' id='word_1_54' title='bbox 1057 1051 1221 1127; x_wconf 72' lang='lat' dir='ltr'><strong>globosum</strong></span> 
     </span>
     <span class='ocr_line' id='line_1_8' title="bbox 140 1150 1252 1234; baseline -0.001 -21"><span class='ocrx_word' id='word_1_55' title='bbox 140 1164 171 1213; x_wconf 89' lang='lat' dir='ltr'><strong>et</strong></span> <span class='ocrx_word' id='word_1_56' title='bbox 197 1152 367 1213; x_wconf 85' lang='lat' dir='ltr'><strong>rotundum</strong></span> <span class='ocrx_word' id='word_1_57' title='bbox 394 1152 544 1215; x_wconf 85' lang='lat' dir='ltr'><strong>dixerunt</strong></span> <span class='ocrx_word' id='word_1_58' title='bbox 564 1154 741 1234; x_wconf 74' lang='lat' dir='ltr'>Leucippus</span> <span class='ocrx_word' id='word_1_59' title='bbox 764 1164 796 1213; x_wconf 89' lang='lat' dir='ltr'><strong>et</strong></span> <span class='ocrx_word' id='word_1_60' title='bbox 817 1152 1016 1214; x_wconf 68' lang='lat' dir='ltr'><strong>Democritus</strong></span> <span class='ocrx_word' id='word_1_61' title='bbox 1041 1150 1126 1232; x_wconf 82' lang='lat' dir='ltr'><strong>sputl</strong></span> <span class='ocrx_word' id='word_1_62' title='bbox 1149 1150 1222 1213; x_wconf 80' lang='lat' dir='ltr'><strong>Sto·</strong></span> <span class='ocrx_word' id='word_1_63' title='bbox 1249 1169 1252 1176; x_wconf 82' lang='grc'><strong>’</strong></span> 
     </span>
     <span class='ocr_line' id='line_1_9' title="bbox 138 1252 1221 1339; baseline 0.002 -24"><span class='ocrx_word' id='word_1_64' title='bbox 138 1257 249 1316; x_wconf 79' lang='lat' dir='ltr'><strong>bsetrm</strong></span> <span class='ocrx_word' id='word_1_65' title='bbox 262 1252 302 1339; x_wconf 73' lang='lat'><strong>2).</strong></span> <span class='ocrx_word' id='word_1_66' title='bbox 351 1258 472 1317; x_wconf 78' lang='lat' dir='ltr'><strong>Auctor</strong></span> <span class='ocrx_word' id='word_1_67' title='bbox 492 1256 567 1317; x_wconf 87' lang='lat' dir='ltr'><strong>libri</strong></span> <span class='ocrx_word' id='word_1_68' title='bbox 587 1255 627 1318; x_wconf 83' lang='lat' dir='ltr'><strong>tle</strong></span> <span class='ocrx_word' id='word_1_69' title='bbox 647 1253 765 1317; x_wconf 85' lang='lat' dir='ltr'><strong>mundo</strong></span> <span class='ocrx_word' id='word_1_70' title='bbox 779 1253 823 1337; x_wconf 80' lang='lat'><strong>⁵),</strong></span> <span class='ocrx_word' id='word_1_71' title='bbox 851 1274 945 1336; x_wconf 88' lang='lat' dir='ltr'><strong>quem</strong></span> <span class='ocrx_word' id='word_1_72' title='bbox 965 1254 1106 1317; x_wconf 81' lang='lat' dir='ltr'><strong>Stoioum</strong></span> <span class='ocrx_word' id='word_1_73' title='bbox 1125 1254 1221 1317; x_wconf 69' lang='lat' dir='ltr'><strong>inimo</strong></span> 
     </span>
     <span class='ocr_line' id='line_1_10' title="bbox 138 1348 1222 1443; baseline 0.005 -24"><span class='ocrx_word' id='word_1_74' title='bbox 138 1378 262 1438; x_wconf 85' lang='lat' dir='ltr'><strong>semper</strong></span> <span class='ocrx_word' id='word_1_75' title='bbox 278 1357 419 1421; x_wconf 78' lang='lat' dir='ltr'><strong>credam:</strong></span> <span class='ocrx_word' id='word_1_76' title='bbox 439 1360 504 1425; x_wconf 77' lang='grc' dir='ltr'><strong>τοῦ</strong></span> <span class='ocrx_word' id='word_1_77' title='bbox 525 1359 561 1427; x_wconf 74' lang='grc' dir='ltr'><strong>δὲ</strong></span> <span class='ocrx_word' id='word_1_78' title='bbox 577 1356 781 1443; x_wconf 71' lang='grc' dir='ltr'><strong><em>σύμπαντος</em></strong></span> <span class='ocrx_word' id='word_1_79' title='bbox 796 1348 947 1441; x_wconf 72' lang='grc' dir='ltr'><strong><em>οὐρανοῦ</em></strong></span> <span class='ocrx_word' id='word_1_80' title='bbox 962 1381 1001 1423; x_wconf 81' lang='lat' dir='ltr'><strong>ss</strong></span> <span class='ocrx_word' id='word_1_81' title='bbox 1016 1358 1072 1425; x_wconf 82' lang='lat' dir='ltr'><strong>sul</strong></span> <span class='ocrx_word' id='word_1_82' title='bbox 1091 1352 1222 1440; x_wconf 81' lang='grc' dir='ltr'><strong><em>ιιδσμοα</em></strong></span> 
     </span>
     <span class='ocr_line' id='line_1_11' title="bbox 137 1456 1221 1546; baseline -0.005 -22"><span class='ocrx_word' id='word_1_83' title='bbox 137 1461 372 1546; x_wconf 70' lang='grc' dir='ltr'><strong>σφαιροειδοῦς</strong></span> <span class='ocrx_word' id='word_1_84' title='bbox 387 1457 504 1536; x_wconf 71' lang='grc' dir='ltr'><strong>ὄντος.</strong></span> <span class='ocrx_word' id='word_1_85' title='bbox 547 1463 725 1543; x_wconf 80' lang='lat' dir='ltr'><strong>Euphsntus</strong></span> <span class='ocrx_word' id='word_1_86' title='bbox 745 1458 970 1540; x_wconf 76' lang='lat' dir='ltr'><strong>Pythagoricus</strong></span> <span class='ocrx_word' id='word_1_87' title='bbox 990 1456 1142 1521; x_wconf 85' lang='lat' dir='ltr'><strong>mundum</strong></span> <span class='ocrx_word' id='word_1_88' title='bbox 1163 1477 1221 1520; x_wconf 78' lang='lat' dir='ltr'><strong>so·</strong></span> 
     </span>
     <span class='ocr_line' id='line_1_12' title="bbox 138 1558 1221 1647; baseline -0.001 -25"><span class='ocrx_word' id='word_1_89' title='bbox 138 1574 187 1623; x_wconf 87' lang='lat' dir='ltr'><strong>ost</strong></span> <span class='ocrx_word' id='word_1_90' title='bbox 216 1562 410 1647; x_wconf 74' lang='grc' dir='ltr'><strong><em>σφαιροειδῆ</em></strong></span> <span class='ocrx_word' id='word_1_91' title='bbox 438 1562 522 1645; x_wconf 85' lang='lat' dir='ltr'><strong>spud</strong></span> <span class='ocrx_word' id='word_1_92' title='bbox 551 1559 870 1639; x_wconf 84' lang='lat' dir='ltr'><strong>Pseudo-Origenem</strong></span> <span class='ocrx_word' id='word_1_93' title='bbox 884 1558 931 1643; x_wconf 80' lang='lat'><strong>4),</strong></span> <span class='ocrx_word' id='word_1_94' title='bbox 967 1572 1004 1622; x_wconf 91' lang='lat' dir='ltr'><strong>ut</strong></span> <span class='ocrx_word' id='word_1_95' title='bbox 1032 1559 1116 1642; x_wconf 77' lang='lat' dir='ltr'><strong>opud</strong></span> <span class='ocrx_word' id='word_1_96' title='bbox 1144 1580 1221 1623; x_wconf 89' lang='lat' dir='ltr'><strong>eun·</strong></span> 
     </span>
     <span class='ocr_line' id='line_1_13' title="bbox 138 1658 1220 1750; baseline 0.001 -23"><span class='ocrx_word' id='word_1_97' title='bbox 138 1665 208 1728; x_wconf 85' lang='lat' dir='ltr'><strong>dens</strong></span> <span class='ocrx_word' id='word_1_98' title='bbox 224 1664 252 1750; x_wconf 85' lang='lat'><strong>⁵)</strong></span> <span class='ocrx_word' id='word_1_99' title='bbox 274 1664 473 1729; x_wconf 75' lang='lat' dir='ltr'><strong>Parmenides</strong></span> <span class='ocrx_word' id='word_1_100' title='bbox 495 1662 535 1734; x_wconf 76' lang='grc' dir='ltr'><strong>ἓν</strong></span> <span class='ocrx_word' id='word_1_101' title='bbox 555 1664 594 1733; x_wconf 79' lang='grc' dir='ltr'><strong>ιδ</strong></span> <span class='ocrx_word' id='word_1_102' title='bbox 616 1668 691 1732; x_wconf 72' lang='lat' dir='ltr'><strong>setis</strong></span> <span class='ocrx_word' id='word_1_103' title='bbox 711 1658 939 1737; x_wconf 69' lang='grc' dir='ltr'><strong><em>ὑποτίθεται,</em></strong></span> <span class='ocrx_word' id='word_1_104' title='bbox 964 1660 1079 1728; x_wconf 74' lang='grc' dir='ltr'><strong><em>δΐδιοα</em></strong></span> <span class='ocrx_word' id='word_1_105' title='bbox 1100 1663 1156 1729; x_wconf 82' lang='lat' dir='ltr'><strong>sol</strong></span> <span class='ocrx_word' id='word_1_106' title='bbox 1177 1659 1220 1728; x_wconf 80' lang='lat' dir='ltr'><strong>oei</strong></span> 
     </span>
     <span class='ocr_line' id='line_1_14' title="bbox 137 1762 1219 1853; baseline -0.011 -19"><span class='ocrx_word' id='word_1_107' title='bbox 137 1765 324 1853; x_wconf 77' lang='grc' dir='ltr'><strong><em>γινόμενον</em></strong></span> <span class='ocrx_word' id='word_1_108' title='bbox 344 1770 399 1833; x_wconf 82' lang='lat' dir='ltr'><strong>soi</strong></span> <span class='ocrx_word' id='word_1_109' title='bbox 423 1767 643 1850; x_wconf 74' lang='grc' dir='ltr'><strong><em>σφαιροειδές,</em></strong></span> <span class='ocrx_word' id='word_1_110' title='bbox 664 1763 751 1847; x_wconf 83' lang='lat' dir='ltr'><strong>quod</strong></span> <span class='ocrx_word' id='word_1_111' title='bbox 771 1774 804 1824; x_wconf 89' lang='lat' dir='ltr'><strong>et</strong></span> <span class='ocrx_word' id='word_1_112' title='bbox 821 1763 899 1823; x_wconf 86' lang='lat' dir='ltr'><strong>nlibi</strong></span> <span class='ocrx_word' id='word_1_113' title='bbox 919 1762 1036 1841; x_wconf 82' lang='lat' dir='ltr'><strong>legitur</strong></span> <span class='ocrx_word' id='word_1_114' title='bbox 1055 1763 1090 1823; x_wconf 90' lang='lat' dir='ltr'><strong>in</strong></span> <span class='ocrx_word' id='word_1_115' title='bbox 1110 1762 1219 1827; x_wconf 79' lang='lat' dir='ltr'><strong>eodem</strong></span> 
     </span>
     <span class='ocr_line' id='line_1_15' title="bbox 137 1862 1220 1951; baseline -0.001 -23"><span class='ocrx_word' id='word_1_116' title='bbox 137 1864 412 1945; x_wconf 82' lang='lat' dir='ltr'><strong>Pseudo-Origene</strong></span> <span class='ocrx_word' id='word_1_117' title='bbox 424 1864 453 1951; x_wconf 76' lang='grc'><strong>6)</strong></span> <span class='ocrx_word' id='word_1_118' title='bbox 475 1880 507 1929; x_wconf 86' lang='lat' dir='ltr'><strong>et</strong></span> <span class='ocrx_word' id='word_1_119' title='bbox 527 1869 561 1928; x_wconf 88' lang='lat' dir='ltr'><strong>in</strong></span> <span class='ocrx_word' id='word_1_120' title='bbox 580 1866 714 1930; x_wconf 83' lang='lat' dir='ltr'><strong>Stoheeo</strong></span> <span class='ocrx_word' id='word_1_121' title='bbox 727 1864 768 1949; x_wconf 81' lang='lat'><strong>7).</strong></span> <span class='ocrx_word' id='word_1_122' title='bbox 810 1865 1022 1945; x_wconf 74' lang='lat' dir='ltr'><strong>Xenophanes</strong></span> <span class='ocrx_word' id='word_1_123' title='bbox 1042 1862 1126 1945; x_wconf 83' lang='lat' dir='ltr'><strong>epod</strong></span> <span class='ocrx_word' id='word_1_124' title='bbox 1143 1886 1220 1927; x_wconf 88' lang='lat' dir='ltr'><strong>eun·</strong></span> 
     </span>
     <span class='ocr_line' id='line_1_16' title="bbox 138 1958 1220 2055; baseline 0.001 -23"><span class='ocrx_word' id='word_1_125' title='bbox 138 1968 209 2032; x_wconf 88' lang='lat' dir='ltr'><strong>dem</strong></span> <span class='ocrx_word' id='word_1_126' title='bbox 230 1968 551 2050; x_wconf 79' lang='lat' dir='ltr'><strong>Pseudo-Origenom</strong></span> <span class='ocrx_word' id='word_1_127' title='bbox 567 1968 596 2053; x_wconf 81' lang='lat'><strong>⁸)</strong></span> <span class='ocrx_word' id='word_1_128' title='bbox 618 1969 698 2055; x_wconf 68' lang='grc' dir='ltr'><strong>φησὶ</strong></span> <span class='ocrx_word' id='word_1_129' title='bbox 720 1964 808 2035; x_wconf 72' lang='grc' dir='ltr'><strong>θεὸν</strong></span> <span class='ocrx_word' id='word_1_130' title='bbox 828 1968 917 2036; x_wconf 74' lang='lat' dir='ltr'><strong>eleos</strong></span> <span class='ocrx_word' id='word_1_131' title='bbox 938 1958 1048 2033; x_wconf 74' lang='lat' dir='ltr'><strong>siitlsov</strong></span> <span class='ocrx_word' id='word_1_132' title='bbox 1068 1966 1124 2032; x_wconf 83' lang='lat' dir='ltr'><strong>sul</strong></span> <span class='ocrx_word' id='word_1_133' title='bbox 1145 1975 1220 2044; x_wconf 68' lang='grc' dir='ltr'><strong>ἕνα,</strong></span> 
     </span>
     <span class='ocr_line' id='line_1_17' title="bbox 137 2065 1220 2156; baseline 0 -18"><span class='ocrx_word' id='word_1_134' title='bbox 137 2073 192 2139; x_wconf 81' lang='lat' dir='ltr'><strong>sul</strong></span> <span class='ocrx_word' id='word_1_135' title='bbox 209 2066 333 2156; x_wconf 80' lang='grc' dir='ltr'><strong><em>ὅμοιοι</em></strong></span> <span class='ocrx_word' id='word_1_136' title='bbox 348 2065 475 2154; x_wconf 71' lang='grc' dir='ltr'><strong><em>πάντη,</em></strong></span> <span class='ocrx_word' id='word_1_137' title='bbox 494 2071 549 2137; x_wconf 81' lang='lat' dir='ltr'><strong>sol</strong></span> <span class='ocrx_word' id='word_1_138' title='bbox 567 2070 841 2156; x_wconf 75' lang='grc' dir='ltr'><strong><em>πεπερασμένοι,</em></strong></span> <span class='ocrx_word' id='word_1_139' title='bbox 860 2070 917 2135; x_wconf 79' lang='lat' dir='ltr'><strong>sol</strong></span> <span class='ocrx_word' id='word_1_140' title='bbox 936 2070 1147 2153; x_wconf 74' lang='grc' dir='ltr'><strong><em>σφαιροειδῆ,</em></strong></span> <span class='ocrx_word' id='word_1_141' title='bbox 1165 2072 1220 2138; x_wconf 73' lang='lat' dir='ltr'><strong>sal</strong></span> 
     </span>
     <span class='ocr_line' id='line_1_18' title="bbox 138 2165 1219 2257; baseline -0.005 -19"><span class='ocrx_word' id='word_1_142' title='bbox 138 2176 222 2239; x_wconf 78' lang='grc' dir='ltr'><strong><em>πᾶσι</em></strong></span> <span class='ocrx_word' id='word_1_143' title='bbox 248 2186 317 2246; x_wconf 69' lang='grc' dir='ltr'><strong>τοῖς</strong></span> <span class='ocrx_word' id='word_1_144' title='bbox 342 2172 476 2257; x_wconf 76' lang='grc' dir='ltr'><strong><em>μορίοις</em></strong></span> <span class='ocrx_word' id='word_1_145' title='bbox 503 2165 717 2256; x_wconf 75' lang='grc' dir='ltr'><strong>αἰσθητικόν.</strong></span> <span class='ocrx_word' id='word_1_146' title='bbox 765 2170 853 2248; x_wconf 83' lang='lat' dir='ltr'><strong>Quos</strong></span> <span class='ocrx_word' id='word_1_147' title='bbox 879 2172 986 2233; x_wconf 84' lang='lat' dir='ltr'><strong>omnis</strong></span> <span class='ocrx_word' id='word_1_148' title='bbox 1012 2170 1052 2232; x_wconf 82' lang='lat' dir='ltr'><strong>sd</strong></span> <span class='ocrx_word' id='word_1_149' title='bbox 1079 2171 1219 2252; x_wconf 84' lang='lat' dir='ltr'><strong>porticos</strong></span> 
     </span>
     <span class='ocr_line' id='line_1_19' title="bbox 137 2271 1220 2357; baseline -0.005 -18"><span class='ocrx_word' id='word_1_150' title='bbox 137 2275 311 2339; x_wconf 78' lang='lat' dir='ltr'><strong>doctrinam</strong></span> <span class='ocrx_word' id='word_1_151' title='bbox 334 2275 479 2357; x_wconf 87' lang='lat' dir='ltr'><strong>proxime</strong></span> <span class='ocrx_word' id='word_1_152' title='bbox 499 2274 661 2337; x_wconf 82' lang='lat' dir='ltr'><strong>secedunt.</strong></span> <span class='ocrx_word' id='word_1_153' title='bbox 702 2272 788 2337; x_wconf 90' lang='lat' dir='ltr'><strong>Idem</strong></span> <span class='ocrx_word' id='word_1_154' title='bbox 809 2274 1020 2355; x_wconf 75' lang='lat' dir='ltr'><strong>Xenophanes</strong></span> <span class='ocrx_word' id='word_1_155' title='bbox 1041 2272 1126 2353; x_wconf 79' lang='lat' dir='ltr'><strong>eputl</strong></span> <span class='ocrx_word' id='word_1_156' title='bbox 1142 2271 1220 2335; x_wconf 79' lang='lat' dir='ltr'><strong>Sex·</strong></span> 
     </span>
     <span class='ocr_line' id='line_1_20' title="bbox 137 2368 1220 2466; baseline -0.003 -24"><span class='ocrx_word' id='word_1_157' title='bbox 137 2392 204 2443; x_wconf 90' lang='lat' dir='ltr'><strong>tum</strong></span> <span class='ocrx_word' id='word_1_158' title='bbox 226 2379 417 2462; x_wconf 85' lang='lat' dir='ltr'><strong>Empiricum</strong></span> <span class='ocrx_word' id='word_1_159' title='bbox 433 2378 461 2466; x_wconf 83' lang='lat'><strong>⁹)</strong></span> <span class='ocrx_word' id='word_1_160' title='bbox 488 2378 582 2442; x_wconf 83' lang='lat' dir='ltr'><strong>dicit:</strong></span> <span class='ocrx_word' id='word_1_161' title='bbox 613 2374 654 2448; x_wconf 73' lang='grc' dir='ltr'><strong>ἓν</strong></span> <span class='ocrx_word' id='word_1_162' title='bbox 674 2376 763 2446; x_wconf 74' lang='grc' dir='ltr'><strong><em>εἶναι</em></strong></span> <span class='ocrx_word' id='word_1_163' title='bbox 780 2370 822 2445; x_wconf 83' lang='grc' dir='ltr'><strong>ιδ</strong></span> <span class='ocrx_word' id='word_1_164' title='bbox 844 2378 937 2453; x_wconf 76' lang='grc' dir='ltr'><strong>πᾶν,</strong></span> <span class='ocrx_word' id='word_1_165' title='bbox 967 2375 1025 2441; x_wconf 80' lang='lat' dir='ltr'><strong>sol</strong></span> <span class='ocrx_word' id='word_1_166' title='bbox 1050 2370 1112 2442; x_wconf 72' lang='lat' dir='ltr'><strong>sio</strong></span> <span class='ocrx_word' id='word_1_167' title='bbox 1132 2368 1220 2441; x_wconf 71' lang='lat' dir='ltr'><strong>ortu</strong></span> 
     </span>
     <span class='ocr_line' id='line_1_21' title="bbox 136 2470 1218 2568; baseline -0.007 -18"><span class='ocrx_word' id='word_1_168' title='bbox 136 2484 276 2568; x_wconf 81' lang='grc' dir='ltr'><strong><em>συμφυῆ</em></strong></span> <span class='ocrx_word' id='word_1_169' title='bbox 298 2497 367 2557; x_wconf 75' lang='grc' dir='ltr'><strong>τοῖς</strong></span> <span class='ocrx_word' id='word_1_170' title='bbox 388 2485 487 2551; x_wconf 78' lang='grc' dir='ltr'><strong><em>πᾶσι·</em></strong></span> <span class='ocrx_word' id='word_1_171' title='bbox 520 2483 609 2550; x_wconf 70' lang='grc' dir='ltr'><strong><em>εἶναι</em></strong></span> <span class='ocrx_word' id='word_1_172' title='bbox 633 2481 669 2549; x_wconf 80' lang='lat' dir='ltr'><strong>til</strong></span> <span class='ocrx_word' id='word_1_173' title='bbox 689 2479 885 2565; x_wconf 87' lang='grc' dir='ltr'><strong><em>οφαιροιιδῆ</em></strong></span> <span class='ocrx_word' id='word_1_174' title='bbox 906 2479 962 2545; x_wconf 81' lang='lat' dir='ltr'><strong>sel</strong></span> <span class='ocrx_word' id='word_1_175' title='bbox 992 2470 1135 2562; x_wconf 77' lang='grc' dir='ltr'><strong><em>ιῖπιιθῆ,</em></strong></span> <span class='ocrx_word' id='word_1_176' title='bbox 1163 2477 1218 2543; x_wconf 81' lang='lat' dir='ltr'><strong>sul</strong></span> 
     </span>
     <span class='ocr_line' id='line_1_22' title="bbox 136 2577 1218 2670; baseline -0.011 -19"><span class='ocrx_word' id='word_1_177' title='bbox 136 2579 396 2670; x_wconf 75' lang='grc' dir='ltr'><strong><em>σῖμοοοὶβληιοι,</em></strong></span> <span class='ocrx_word' id='word_1_178' title='bbox 424 2585 480 2653; x_wconf 80' lang='lat' dir='ltr'><strong>sul</strong></span> <span class='ocrx_word' id='word_1_179' title='bbox 507 2581 653 2669; x_wconf 77' lang='grc' dir='ltr'><strong>λογικόν.</strong></span> <span class='ocrx_word' id='word_1_180' title='bbox 703 2583 788 2646; x_wconf 84' lang='lat' dir='ltr'><strong>ldem</strong></span> <span class='ocrx_word' id='word_1_181' title='bbox 811 2581 1005 2646; x_wconf 71' lang='lat' dir='ltr'><strong>adverbum</strong></span> <span class='ocrx_word' id='word_1_182' title='bbox 1025 2578 1108 2660; x_wconf 83' lang='lat' dir='ltr'><strong>epod</strong></span> <span class='ocrx_word' id='word_1_183' title='bbox 1131 2577 1218 2640; x_wconf 82' lang='lat' dir='ltr'><strong>Cios·</strong></span> 
     </span>
     <span class='ocr_line' id='line_1_23' title="bbox 135 2685 1218 2773; baseline -0.004 -24"><span class='ocrx_word' id='word_1_184' title='bbox 135 2708 245 2749; x_wconf 86' lang='lat' dir='ltr'><strong>renem</strong></span> <span class='ocrx_word' id='word_1_185' title='bbox 263 2686 323 2773; x_wconf 86' lang='lat'><strong>¹⁰):</strong></span> <span class='ocrx_word' id='word_1_186' title='bbox 353 2691 537 2771; x_wconf 76' lang='lat' dir='ltr'><strong>Xenophanes</strong></span> <span class='ocrx_word' id='word_1_187' title='bbox 557 2707 643 2749; x_wconf 81' lang='lat' dir='ltr'><strong>unum</strong></span> <span class='ocrx_word' id='word_1_188' title='bbox 668 2710 726 2750; x_wconf 79' lang='lat' dir='ltr'><strong>esse</strong></span> <span class='ocrx_word' id='word_1_189' title='bbox 745 2693 859 2764; x_wconf 76' lang='lat' dir='ltr'><strong>omma,</strong></span> <span class='ocrx_word' id='word_1_190' title='bbox 889 2705 979 2768; x_wconf 81' lang='grc' dir='ltr'><strong><em>σιφιι</em></strong></span> <span class='ocrx_word' id='word_1_191' title='bbox 997 2704 1058 2745; x_wconf 77' lang='lat' dir='ltr'><strong>esse</strong></span> <span class='ocrx_word' id='word_1_192' title='bbox 1076 2685 1218 2757; x_wconf 68' lang='lat' dir='ltr'><strong>munem,</strong></span> 
     </span>
     <span class='ocr_line' id='line_1_24' title="bbox 135 2789 1219 2875; baseline -0.006 -21"><span class='ocrx_word' id='word_1_193' title='bbox 135 2805 161 2854; x_wconf 81' lang='lat' dir='ltr'><strong>st</strong></span> <span class='ocrx_word' id='word_1_194' title='bbox 182 2793 214 2852; x_wconf 75' lang='lat' dir='ltr'><strong>sil</strong></span> <span class='ocrx_word' id='word_1_195' title='bbox 234 2812 293 2852; x_wconf 82' lang='lat' dir='ltr'><strong>esse</strong></span> <span class='ocrx_word' id='word_1_196' title='bbox 313 2793 415 2867; x_wconf 82' lang='lat' dir='ltr'><strong>deum,</strong></span> <span class='ocrx_word' id='word_1_197' title='bbox 442 2811 532 2875; x_wconf 82' lang='grc' dir='ltr'><strong><em>ιιιροο</em></strong></span> <span class='ocrx_word' id='word_1_198' title='bbox 550 2803 649 2852; x_wconf 82' lang='lat' dir='ltr'><strong>natum</strong></span> <span class='ocrx_word' id='word_1_199' title='bbox 676 2811 797 2874; x_wconf 79' lang='lat' dir='ltr'><strong>usquam</strong></span> <span class='ocrx_word' id='word_1_200' title='bbox 817 2803 845 2852; x_wconf 86' lang='lat' dir='ltr'><strong>et</strong></span> <span class='ocrx_word' id='word_1_201' title='bbox 858 2793 1076 2869; x_wconf 56' lang='lat' dir='ltr'><strong>,sempiternum</strong></span> <span class='ocrx_word' id='word_1_202' title='bbox 1105 2789 1219 2864; x_wconf 69' lang='lat' dir='ltr'><strong>conplo-</strong></span> 
     </span>
     <span class='ocr_line' id='line_1_25' title="bbox 135 2887 1118 2978; baseline -0.007 -22"><span class='ocrx_word' id='word_1_203' title='bbox 135 2897 206 2957; x_wconf 83' lang='lat' dir='ltr'><strong>hnts</strong></span> <span class='ocrx_word' id='word_1_204' title='bbox 218 2897 335 2978; x_wconf 71' lang='lat' dir='ltr'><strong>figura.</strong></span> <span class='ocrx_word' id='word_1_205' title='bbox 376 2892 492 2956; x_wconf 77' lang='lat' dir='ltr'><strong>Eodem</strong></span> <span class='ocrx_word' id='word_1_206' title='bbox 514 2895 582 2956; x_wconf 83' lang='lat' dir='ltr'><strong>iere</strong></span> <span class='ocrx_word' id='word_1_207' title='bbox 604 2895 687 2973; x_wconf 79' lang='lat' dir='ltr'><strong>leges</strong></span> <span class='ocrx_word' id='word_1_208' title='bbox 706 2891 791 2975; x_wconf 81' lang='lat' dir='ltr'><strong>apud</strong></span> <span class='ocrx_word' id='word_1_209' title='bbox 812 2889 1046 2953; x_wconf 83' lang='lat' dir='ltr'><strong>Theodoretum</strong></span> <span class='ocrx_word' id='word_1_210' title='bbox 1062 2887 1118 2971; x_wconf 77' lang='grc'><strong>11).</strong></span> 
     </span>
    </p>

    <p class='ocr_par' dir='ltr' id='par_1_3' title="bbox 133 2988 1218 3360">
     <span class='ocr_line' id='line_1_26' title="bbox 219 2988 1217 3079; baseline -0.007 -21"><span class='ocrx_word' id='word_1_211' title='bbox 219 2998 287 3058; x_wconf 84' lang='grc' dir='ltr'><strong>Ηοο</strong></span> <span class='ocrx_word' id='word_1_212' title='bbox 301 2996 399 3077; x_wconf 83' lang='lat' dir='ltr'><strong>igitur</strong></span> <span class='ocrx_word' id='word_1_213' title='bbox 415 3008 520 3057; x_wconf 87' lang='lat' dir='ltr'><strong>menet</strong></span> <span class='ocrx_word' id='word_1_214' title='bbox 534 2994 635 3058; x_wconf 72' lang='lat' dir='ltr'><strong>fissum</strong></span> <span class='ocrx_word' id='word_1_215' title='bbox 651 3009 745 3079; x_wconf 85' lang='lat' dir='ltr'><strong>etque</strong></span> <span class='ocrx_word' id='word_1_216' title='bbox 762 2997 937 3070; x_wconf 87' lang='lat' dir='ltr'><strong>immotum,</strong></span> <span class='ocrx_word' id='word_1_217' title='bbox 958 2993 1098 3072; x_wconf 85' lang='lat' dir='ltr'><strong>porticus</strong></span> <span class='ocrx_word' id='word_1_218' title='bbox 1114 2988 1217 3066; x_wconf 84' lang='lat' dir='ltr'><strong>deum,</strong></span> 
     </span>
     <span class='ocr_line' id='line_1_27' title="bbox 134 3096 1218 3179; baseline -0.006 -21"><span class='ocrx_word' id='word_1_219' title='bbox 134 3100 277 3179; x_wconf 82' lang='lat' dir='ltr'><strong>quemvis</strong></span> <span class='ocrx_word' id='word_1_220' title='bbox 300 3118 503 3178; x_wconf 84' lang='lat' dir='ltr'><strong>corporeum,</strong></span> <span class='ocrx_word' id='word_1_221' title='bbox 536 3099 652 3159; x_wconf 89' lang='lat' dir='ltr'><strong>nullius</strong></span> <span class='ocrx_word' id='word_1_222' title='bbox 680 3109 784 3158; x_wconf 85' lang='lat' dir='ltr'><strong>temen</strong></span> <span class='ocrx_word' id='word_1_223' title='bbox 807 3115 874 3157; x_wconf 88' lang='lat' dir='ltr'><strong>esse</strong></span> <span class='ocrx_word' id='word_1_224' title='bbox 895 3096 1033 3169; x_wconf 79' lang='lat' dir='ltr'><strong>lomes,</strong></span> <span class='ocrx_word' id='word_1_225' title='bbox 1062 3104 1094 3153; x_wconf 85' lang='lat' dir='ltr'><strong>et</strong></span> <span class='ocrx_word' id='word_1_226' title='bbox 1114 3103 1218 3153; x_wconf 90' lang='lat' dir='ltr'><strong>totum</strong></span> 
     </span>
     <span class='ocr_line' id='line_1_28' title="bbox 133 3192 1218 3278; baseline -0.001 -19"><span class='ocrx_word' id='word_1_227' title='bbox 133 3221 175 3259; x_wconf 81' lang='lat' dir='ltr'><strong>ex</strong></span> <span class='ocrx_word' id='word_1_228' title='bbox 197 3218 305 3276; x_wconf 85' lang='lat' dir='ltr'><strong>sessu,</strong></span> <span class='ocrx_word' id='word_1_229' title='bbox 337 3197 563 3278; x_wconf 81' lang='lat' dir='ltr'><strong>intelligentie,</strong></span> <span class='ocrx_word' id='word_1_230' title='bbox 594 3199 721 3261; x_wconf 81' lang='lat' dir='ltr'><strong>solentis</strong></span> <span class='ocrx_word' id='word_1_231' title='bbox 743 3210 775 3259; x_wconf 85' lang='lat' dir='ltr'><strong>et</strong></span> <span class='ocrx_word' id='word_1_232' title='bbox 794 3197 936 3272; x_wconf 79' lang='lat' dir='ltr'><strong>ratione,</strong></span> <span class='ocrx_word' id='word_1_233' title='bbox 966 3214 1021 3256; x_wconf 89' lang='lat' dir='ltr'><strong>seo</strong></span> <span class='ocrx_word' id='word_1_234' title='bbox 1043 3192 1218 3270; x_wconf 79' lang='grc' dir='ltr'><em>ΛΟΙὩΙ,</em></span> 
     </span>
     <span class='ocr_line' id='line_1_29' title="bbox 133 3311 286 3360; baseline 0 0"><span class='ocrx_word' id='word_1_235' title='bbox 133 3311 286 3360; x_wconf 77' lang='lat' dir='ltr'><strong>constare.</strong></span> 
     </span>
    </p>

    <p class='ocr_par' dir='ltr' id='par_1_4' title="bbox 220 3394 1217 3487">
     <span class='ocr_line' id='line_1_30' title="bbox 220 3394 1217 3487; baseline -0.001 -26"><span class='ocrx_word' id='word_1_236' title='bbox 220 3400 279 3461; x_wconf 84' lang='lat' dir='ltr'><strong>llio</strong></span> <span class='ocrx_word' id='word_1_237' title='bbox 300 3413 403 3461; x_wconf 85' lang='lat' dir='ltr'><strong>sutem</strong></span> <span class='ocrx_word' id='word_1_238' title='bbox 425 3399 503 3464; x_wconf 87' lang='lat' dir='ltr'><strong>deus</strong></span> <span class='ocrx_word' id='word_1_239' title='bbox 524 3423 579 3466; x_wconf 88' lang='lat' dir='ltr'><strong>seu</strong></span> <span class='ocrx_word' id='word_1_240' title='bbox 599 3397 681 3476; x_wconf 72' lang='grc' dir='ltr'><strong>θοός</strong></span> <span class='ocrx_word' id='word_1_241' title='bbox 699 3395 902 3487; x_wconf 76' lang='grc' dir='ltr'><strong><em>δημιουργὸς</em></strong></span> <span class='ocrx_word' id='word_1_242' title='bbox 923 3407 1054 3462; x_wconf 82' lang='lat' dir='ltr'><strong>vocetur</strong></span> <span class='ocrx_word' id='word_1_243' title='bbox 1073 3406 1106 3456; x_wconf 88' lang='lat' dir='ltr'><strong>et</strong></span> <span class='ocrx_word' id='word_1_244' title='bbox 1126 3394 1217 3461; x_wconf 90' lang='grc' dir='ltr'><strong>ΛΟ-</strong></span> 
     </span>
    </p>
   </div>
   <div class='ocr_carea' id='block_1_3' title="bbox 134 3496 1217 4297">
    <p class='ocr_par' dir='ltr' id='par_1_5' title="bbox 134 3496 1217 4297">
     <span class='ocr_line' id='line_1_31' title="bbox 134 3496 1217 3587; baseline -0.012 -17"><span class='ocrx_word' id='word_1_245' title='bbox 134 3503 235 3570; x_wconf 90' lang='grc' dir='ltr'><strong>ΓΟΣ</strong></span> <span class='ocrx_word' id='word_1_246' title='bbox 252 3504 636 3587; x_wconf 83' lang='grc' dir='ltr'><em>ΣΠΕΡΜΑΤΙΚΟΣ,</em></span> <span class='ocrx_word' id='word_1_247' title='bbox 656 3505 689 3568; x_wconf 83' lang='lat' dir='ltr'><strong>id</strong></span> <span class='ocrx_word' id='word_1_248' title='bbox 712 3518 776 3585; x_wconf 89' lang='lat' dir='ltr'><strong>est,</strong></span> <span class='ocrx_word' id='word_1_249' title='bbox 798 3525 890 3568; x_wconf 79' lang='lat' dir='ltr'><strong>cesses</strong></span> <span class='ocrx_word' id='word_1_250' title='bbox 910 3499 1079 3566; x_wconf 77' lang='lat' dir='ltr'><strong>seminalis.</strong></span> <span class='ocrx_word' id='word_1_251' title='bbox 1121 3496 1217 3559; x_wconf 68' lang='lat' dir='ltr'><strong>[ner-</strong></span> 
     </span>
     <span class='ocr_line' id='line_1_32' title="bbox 203 3695 1025 3770; baseline -0.005 -20"><span class='ocrx_word' id='word_1_252' title='bbox 203 3697 234 3766; x_wconf 83' lang='lat' dir='ltr'><strong>l)</strong></span> <span class='ocrx_word' id='word_1_253' title='bbox 253 3696 284 3750; x_wconf 82' lang='lat' dir='ltr'><strong>fl.</strong></span> <span class='ocrx_word' id='word_1_254' title='bbox 303 3697 334 3748; x_wconf 90' lang='lat' dir='ltr'><strong>N.</strong></span> <span class='ocrx_word' id='word_1_255' title='bbox 354 3696 388 3761; x_wconf 86' lang='lat' dir='ltr'><strong>ll,</strong></span> <span class='ocrx_word' id='word_1_256' title='bbox 406 3699 432 3747; x_wconf 80' lang='grc'><strong>2.</strong></span> <span class='ocrx_word' id='word_1_257' title='bbox 716 3697 747 3767; x_wconf 93' lang='grc'><strong>2)</strong></span> <span class='ocrx_word' id='word_1_258' title='bbox 767 3698 825 3752; x_wconf 83' lang='grc' dir='ltr'><strong>ΕσΙ.</strong></span> <span class='ocrx_word' id='word_1_259' title='bbox 845 3696 921 3770; x_wconf 82' lang='lat' dir='ltr'><strong>phys.</strong></span> <span class='ocrx_word' id='word_1_260' title='bbox 936 3715 963 3767; x_wconf 86' lang='lat' dir='ltr'><strong>p.</strong></span> <span class='ocrx_word' id='word_1_261' title='bbox 981 3695 1025 3749; x_wconf 75' lang='lat' dir='ltr'><strong>u.</strong></span> 
     </span>
     <span class='ocr_line' id='line_1_33' title="bbox 202 3783 926 3858; baseline -0.003 -19"><span class='ocrx_word' id='word_1_262' title='bbox 202 3786 234 3855; x_wconf 77' lang='grc' dir='ltr'><strong>δ)</strong></span> <span class='ocrx_word' id='word_1_263' title='bbox 253 3783 284 3839; x_wconf 89' lang='lat' dir='ltr'><strong>C.</strong></span> <span class='ocrx_word' id='word_1_264' title='bbox 303 3789 328 3837; x_wconf 92' lang='grc'><strong>2.</strong></span> <span class='ocrx_word' id='word_1_265' title='bbox 347 3783 428 3836; x_wconf 90' lang='lat' dir='ltr'><strong>Tom.</strong></span> <span class='ocrx_word' id='word_1_266' title='bbox 446 3784 468 3835; x_wconf 88' lang='lat' dir='ltr'><strong>l.</strong></span> <span class='ocrx_word' id='word_1_267' title='bbox 486 3803 512 3854; x_wconf 87' lang='grc' dir='ltr'><strong>ρ.</strong></span> <span class='ocrx_word' id='word_1_268' title='bbox 530 3787 591 3838; x_wconf 83' lang='lat' dir='ltr'><strong>tot.</strong></span> <span class='ocrx_word' id='word_1_269' title='bbox 626 3784 751 3858; x_wconf 86' lang='lat' dir='ltr'><strong>Operum</strong></span> <span class='ocrx_word' id='word_1_270' title='bbox 769 3785 926 3838; x_wconf 76' lang='lat' dir='ltr'><strong>Aristotelis.</strong></span> 
     </span>
     <span class='ocr_line' id='line_1_34' title="bbox 201 3867 1075 3944; baseline -0.009 -16"><span class='ocrx_word' id='word_1_271' title='bbox 201 3874 234 3942; x_wconf 71' lang='grc'><strong>4)</strong></span> <span class='ocrx_word' id='word_1_272' title='bbox 250 3869 452 3943; x_wconf 79' lang='lat' dir='ltr'><strong>Philosophum.</strong></span> <span class='ocrx_word' id='word_1_273' title='bbox 469 3889 497 3940; x_wconf 88' lang='lat' dir='ltr'><strong>p.</strong></span> <span class='ocrx_word' id='word_1_274' title='bbox 515 3873 567 3924; x_wconf 76' lang='grc'><strong>103</strong></span> <span class='ocrx_word' id='word_1_275' title='bbox 587 3872 632 3938; x_wconf 89' lang='grc' dir='ltr'><strong>[Τ.</strong></span> <span class='ocrx_word' id='word_1_276' title='bbox 651 3874 697 3927; x_wconf 93' lang='lat' dir='ltr'><strong>lV.</strong></span> <span class='ocrx_word' id='word_1_277' title='bbox 716 3893 743 3944; x_wconf 92' lang='lat' dir='ltr'><strong>p.</strong></span> <span class='ocrx_word' id='word_1_278' title='bbox 759 3877 812 3927; x_wconf 79' lang='grc'><strong>252</strong></span> <span class='ocrx_word' id='word_1_279' title='bbox 832 3871 874 3925; x_wconf 76' lang='grc' dir='ltr'><strong>ιδ.</strong></span> <span class='ocrx_word' id='word_1_280' title='bbox 891 3867 1075 3938; x_wconf 69' lang='grc' dir='ltr'><strong>Ἦὶιιισιιιρ.)</strong></span> 
     </span>
     <span class='ocr_line' id='line_1_35' title="bbox 203 3957 1072 4032; baseline -0.009 -17"><span class='ocrx_word' id='word_1_281' title='bbox 203 3961 234 4029; x_wconf 76' lang='grc'><strong>5)</strong></span> <span class='ocrx_word' id='word_1_282' title='bbox 253 3961 318 4032; x_wconf 71' lang='lat' dir='ltr'><strong>Peg.</strong></span> <span class='ocrx_word' id='word_1_283' title='bbox 338 3963 381 4014; x_wconf 79' lang='grc'><strong>86.</strong></span> <span class='ocrx_word' id='word_1_284' title='bbox 399 3957 445 4026; x_wconf 87' lang='grc' dir='ltr'><strong>[Τ.</strong></span> <span class='ocrx_word' id='word_1_285' title='bbox 463 3958 509 4010; x_wconf 89' lang='lat' dir='ltr'><strong>lV.</strong></span> <span class='ocrx_word' id='word_1_286' title='bbox 528 3976 555 4029; x_wconf 92' lang='lat' dir='ltr'><strong>p.</strong></span> <span class='ocrx_word' id='word_1_287' title='bbox 575 3962 646 4028; x_wconf 68' lang='grc'><strong>246)</strong></span> <span class='ocrx_word' id='word_1_288' title='bbox 712 3961 743 4028; x_wconf 79' lang='grc'><strong>6)</strong></span> <span class='ocrx_word' id='word_1_289' title='bbox 761 3957 961 4030; x_wconf 79' lang='lat' dir='ltr'><strong>Philosophum.</strong></span> <span class='ocrx_word' id='word_1_290' title='bbox 981 3975 1008 4028; x_wconf 92' lang='lat' dir='ltr'><strong>p.</strong></span> <span class='ocrx_word' id='word_1_291' title='bbox 1026 3957 1072 4008; x_wconf 83' lang='lat'><strong>88.</strong></span> 
     </span>
     <span class='ocr_line' id='line_1_36' title="bbox 202 4043 1070 4121; baseline -0.009 -18"><span class='ocrx_word' id='word_1_292' title='bbox 202 4049 234 4118; x_wconf 80' lang='grc'><strong>1)</strong></span> <span class='ocrx_word' id='word_1_293' title='bbox 252 4048 308 4103; x_wconf 76' lang='lat' dir='ltr'><strong>uu.</strong></span> <span class='ocrx_word' id='word_1_294' title='bbox 327 4047 402 4121; x_wconf 83' lang='lat' dir='ltr'><strong>phys.</strong></span> <span class='ocrx_word' id='word_1_295' title='bbox 423 4065 448 4100; x_wconf 86' lang='lat' dir='ltr'><strong>e.</strong></span> <span class='ocrx_word' id='word_1_296' title='bbox 464 4049 491 4100; x_wconf 84' lang='lat' dir='ltr'><strong>l.</strong></span> <span class='ocrx_word' id='word_1_297' title='bbox 508 4065 536 4117; x_wconf 88' lang='lat' dir='ltr'><strong>p.</strong></span> <span class='ocrx_word' id='word_1_298' title='bbox 552 4051 579 4102; x_wconf 89' lang='grc'><strong>2.</strong></span> <span class='ocrx_word' id='word_1_299' title='bbox 710 4050 741 4114; x_wconf 87' lang='grc'><strong>8)</strong></span> <span class='ocrx_word' id='word_1_300' title='bbox 759 4046 962 4119; x_wconf 69' lang='lat' dir='ltr'><strong>Philosophum.</strong></span> <span class='ocrx_word' id='word_1_301' title='bbox 981 4058 1008 4115; x_wconf 88' lang='lat' dir='ltr'><strong>p.</strong></span> <span class='ocrx_word' id='word_1_302' title='bbox 1025 4043 1070 4096; x_wconf 75' lang='grc'><strong>96.</strong></span> 
     </span>
     <span class='ocr_line' id='line_1_37' title="bbox 202 4134 743 4210; baseline -0.002 -18"><span class='ocrx_word' id='word_1_303' title='bbox 202 4138 233 4206; x_wconf 85' lang='lat' dir='ltr'><strong>ll)</strong></span> <span class='ocrx_word' id='word_1_304' title='bbox 250 4136 384 4210; x_wconf 83' lang='lat' dir='ltr'><strong>Pyrrhon.</strong></span> <span class='ocrx_word' id='word_1_305' title='bbox 401 4135 538 4208; x_wconf 83' lang='lat' dir='ltr'><strong>llypotyp.</strong></span> <span class='ocrx_word' id='word_1_306' title='bbox 558 4134 577 4204; x_wconf 90' lang='lat' dir='ltr'><strong>l,</strong></span> <span class='ocrx_word' id='word_1_307' title='bbox 597 4137 686 4208; x_wconf 61' lang='lat' dir='ltr'><strong>nep.</strong></span> <span class='ocrx_word' id='word_1_308' title='bbox 700 4139 743 4192; x_wconf 74' lang='grc'><strong>59.</strong></span> 
     </span>
     <span class='ocr_line' id='line_1_38' title="bbox 185 4217 1148 4297; baseline -0.008 -20"><span class='ocrx_word' id='word_1_309' title='bbox 185 4225 234 4294; x_wconf 78' lang='lat'><strong>1⁰)</strong></span> <span class='ocrx_word' id='word_1_310' title='bbox 252 4225 366 4284; x_wconf 80' lang='lat' dir='ltr'><strong>Lucullo</strong></span> <span class='ocrx_word' id='word_1_311' title='bbox 383 4243 407 4284; x_wconf 81' lang='grc' dir='ltr'><strong>ο.</strong></span> <span class='ocrx_word' id='word_1_312' title='bbox 425 4227 469 4281; x_wconf 73' lang='grc'><strong>35.</strong></span> <span class='ocrx_word' id='word_1_313' title='bbox 693 4225 742 4297; x_wconf 83' lang='grc'><strong>11)</strong></span> <span class='ocrx_word' id='word_1_314' title='bbox 759 4223 878 4297; x_wconf 82' lang='lat' dir='ltr'><strong>lhersp.</strong></span> <span class='ocrx_word' id='word_1_315' title='bbox 893 4222 981 4277; x_wconf 83' lang='lat' dir='ltr'><strong>Sesm.</strong></span> <span class='ocrx_word' id='word_1_316' title='bbox 997 4223 1025 4276; x_wconf 77' lang='lat' dir='ltr'><strong>l.</strong></span> <span class='ocrx_word' id='word_1_317' title='bbox 1042 4237 1070 4290; x_wconf 92' lang='lat' dir='ltr'><strong>p.</strong></span> <span class='ocrx_word' id='word_1_318' title='bbox 1087 4217 1148 4272; x_wconf 73' lang='lat' dir='ltr'><strong>trs.</strong></span> 
     </span>
    </p>
   </div>
   <div class='ocr_carea' id='block_1_4' title="bbox 886 4325 930 4386">
    <p class='ocr_par' dir='ltr' id='par_1_6' title="bbox 886 4325 930 4386">
     <span class='ocr_line' id='line_1_39' title="bbox 886 4325 930 4386; baseline 0 0"><span class='ocrx_word' id='word_1_319' title='bbox 886 4325 930 4386; x_wconf 80' lang='grc'><strong>30</strong></span> 
     </span>
    </p>
   </div>
   <div class='ocr_carea' id='block_1_5' title="bbox 0 0 1496 4825">
    <p class='ocr_par' dir='ltr' id='par_1_7' title="bbox 0 0 1496 4825">
     <span class='ocr_line' id='line_1_40' title="bbox 0 0 1496 4825; baseline 0 1"><span class='ocrx_word' id='word_1_320' title='bbox 0 0 1496 4825; x_wconf 95' lang='lat' dir='ltr'><strong> </strong></span> 
     </span>
    </p>
   </div>
  </div>
 </body>
</html>
