2984 4825
572 347 808 409 ..301-

150 508 244 576 detur,
272 527 324 584 qua
347 512 510 583 ἀναφαίνῃ.
527 509 600 582 nopai
623 508 655 563 sd
679 508 813 582 ίρόἇφθαι
829 512 855 563 ir
871 513 910 580 rq'i
926 514 1002 582 μηρῷ
1018 514 1068 566 τοῦ
1083 510 1176 579 Ante„
1191 514 1230 571 ati

153 618 213 654 cum
232 601 291 655 aliis
308 598 431 656 Eudooia
449 599 467 655 Ι.
485 600 504 655 l.
523 600 601 665 diait‚
628 600 779 671 appellatus
801 599 936 664 mutar,
962 618 1018 654 non
1040 609 1093 657 tam
1110 602 1230 671 inepta·

151 687 218 740 illud
237 704 316 759 quam
331 688 412 757 vulgo
431 696 546 758 putatur.
582 686 678 761 Neque
695 688 843 757 uooffitata
860 687 927 742 baec
943 689 1019 743 rooia
1036 690 1114 759 origo
1130 708 1146 744 a
1164 691 1231 745 solia

150 775 345 843 grammaticis,
372 775 420 831 red
445 775 514 830 adoo
538 776 627 847 qootir
652 776 793 833 celebrata.
828 772 943 831 Nonum
967 774 1015 843 lli.
1035 778 1070 833 to
1093 778 1128 832 do
1151 786 1230 849 parta

150 860 264 917 Bacchi:
560 882 565 894 ’

608 956 765 1023 ίοχιυομίνῳ
783 955 813 1007 dl
830 954 939 1020 Λυκαίῳ

319 1035 445 1109 πατρῴην
462 1042 587 1111 inldqaer
604 1044 750 1111 ίπυνυμίην
767 1052 898 1108 enarrata,
920 1092 923 1095 ,

271 1194 275 1202 ¹
319 1124 462 1197 κικλήσκων
478 1130 618 1195 Διόνυσον,
636 1134 690 1185 incl
707 1132 770 1183 nodi
787 1125 883 1199 οὖρτνν
900 1124 1006 1200 ἀείρων,

317 1210 356 1283 ἧίί
371 1218 506 1282 χωλαίνων
522 1219 657 1289 Κρονίδης
673 1214 816 1288 βεβρνθὸτι
832 1217 925 1287 μηρᾷ,

220 1304 223 1313 ’
317 1306 393 1365 adone
412 1298 455 1361 ira
470 1306 575 1379 ridong
592 1309 772 1379 Σνρακοσαίδν
785 1301 872 1374 godric
888 1299 984 1359 duola

315 1397 360 1443 ναί
377 1390 440 1449 asir
458 1390 641 1464 ἄρτιίὸχεντνν
658 1396 785 1465 latiniano
803 1393 984 1463 Εὶραρνόιην,

315 1470 373 1530 ieri
389 1482 435 1543 μὶν
451 1476 554 1535 addon·
572 1477 660 1553 nnrqq
679 1477 812 1553 ίρῤἆψκτν
827 1480 913 1551 μηρᾷ.

149 1562 205 1619 lam
223 1564 296 1637 quod
314 1564 349 1620 ad
367 1567 451 1639 ipsam
470 1570 545 1625 rocia
571 1570 763 1626 derivationem
788 1568 894 1633 attinet,
918 1560 1101 1623 Burmeiatero
1121 1565 1228 1641 quidem

148 1652 350 1711 concedendum
374 1665 429 1723 est,
456 1654 612 1729 siquomirqe
630 1658 776 1713 admodum
795 1654 867 1709 tacui
884 1654 988 1710 ratione
1006 1673 1021 1707 a
1040 1652 1131 1725 ῥάπτω
1150 1654 1228 1709 deri-

147 1742 204 1796 rari
222 1742 342 1812 noganti3
367 1743 440 1797 nulla
465 1752 553 1799 umen
577 1746 653 1801 rocis
674 1742 836 1817 etymologia
854 1739 896 1794 rei
914 1741 1016 1811 aptior;
1041 1749 1067 1794 et
1084 1739 1135 1793 bae
1152 1742 1179 1795 in
1198 1760 1229 1795 ro

148 1836 213 1897 puto
239 1828 319 1883 nobis
344 1829 432 1883 solum
456 1828 649 1897 laborandum,
684 1839 713 1884 nt
740 1846 795 1903 quo
824 1826 905 1882 modo
933 1828 1073 1901 utriusque
1103 1828 1229 1886 rocabuh'

148 1918 270 1985 cognatio
289 1925 391 1971 constet
410 1916 615 1971 demonstretur.
658 1914 719 1983 Qua
736 1917 766 1971 in
784 1932 815 1971 ra
832 1913 908 1981 nibil,
925 1914 1020 1981 fateor,
1038 1913 1101 1969 cord
1120 1915 1227 1989 proba-

147 2003 256 2059 bilitatis
274 2004 524 2079 quantulaecunque
542 2003 633 2075 specio
650 2004 746 2059 afferro
761 2020 873 2075 possum
887 2003 940 2057 nisi
954 2004 1143 2070 coniecturam,
1162 2004 1227 2060 olim

146 2090 249 2163 ἐρίπναι
268 2093 325 2159 rel,
351 2092 386 2147 ob
411 2094 525 2148 nativam
550 2092 653 2147 litterae
674 2090 725 2149 rho
743 2091 964 2162 geminationem,
989 2089 1108 2161 ίρῥὰπιυ
1125 2092 1227 2147 dictum

146 2196 219 2245 esne,
244 2180 279 2235 ad
302 2198 397 2236 eorum
422 2182 531 2255 quidem
558 2178 703 2236 corborum
727 2179 876 2250 analogiam
895 2178 1105 2244 conformatum,
1129 2179 1227 2251 quibua

146 2284 178 2321 cr
196 2285 248 2321 usu
267 2267 383 2341 quodam
402 2270 507 2340 priseae
525 2266 683 2324 Graecitatis
701 2287 712 2322 ε
731 2266 773 2321 vel
792 2288 809 2336 q
827 2264 973 2320 verborum
991 2264 1087 2319 formis
1104 2265 1226 2336 primiti-

147 2354 185 2409 vis
210 2356 414 2429 praefigeretur,
439 2358 510 2412 unde
534 2356 635 2432 prodiit
658 2375 684 2414 r.
702 2374 725 2412 c.
751 2350 915 2428 q’ssovtinqv,
939 2351 1006 2408 alia:
1032 2369 1086 2426 quo
1114 2352 1147 2406 de
1173 2370 1224 2407 usu

145 2463 170 2498 v.
190 2461 258 2516 quae
277 2445 404 2516 sagaciter
422 2447 525 2502 monuit
544 2444 698 2503 Boeclibius
721 2443 756 2501 ad
779 2439 848 2501 Min.
874 2440 987 2515 p.148,
1013 2439 1111 2496 collato
1137 2450 1225 2497 tamen

145 2531 283 2588 Lobcckio
302 2533 338 2588 ad
353 2531 454 2607 Pbryn.
472 2553 499 2608 p.
515 2537 576 2604 700,
599 2535 757 2591 sententiam
776 2549 850 2588 auam
869 2529 920 2586 bac
938 2529 972 2585 de
991 2548 1020 2585 re
1039 2531 1225 2602 suspendente.

144 2619 189 2676 Ad
213 2621 325 2676 eandem
348 2622 493 2679 verborum
519 2623 630 2679 classem
655 2620 828 2677 referendum
850 2628 922 2675 esset
939 2616 1053 2690 δῦρομαι
1073 2617 1225 2692 (ὀδύρομαι)

146 2717 172 2763 et
190 2725 258 2781 quae
278 2707 328 2762 alin
347 2708 375 2763 id
399 2711 505 2778 generis
529 2719 599 2764 sunt
635 2707 751 2764 Formae
776 2726 841 2764 vero
866 2704 1041 2779 ίῤῥαφιότης,
1068 2709 1092 2762 si
1117 2709 1225 2782 quidem

146 2797 217 2866 apud
231 2793 349 2852 Graecos
365 2797 393 2851 in
409 2815 460 2852 usu
474 2795 532 2863 luit,
550 2796 686 2868 paulatim,
705 2795 862 2867 praesertim
875 2803 1015 2866 poetarum
1033 2797 1129 2862 studio,
1149 2798 1225 2852 mol-

144 2885 240 2939 liorem
259 2883 413 2956 είραφιοίτης
432 2885 599 2940 substitutam
619 2900 692 2950 esse,
719 2883 790 2939 baud
809 2882 886 2938 raldo
905 2883 1064 2940 mirandum.
1101 2885 1226 2958 Denique

144 2974 172 3027 in
192 2973 243 3028 boo
262 2992 316 3028 uon
338 2973 530 3040 laborandum,
556 2971 629 3047 quod
654 2971 813 3043 signilleatio
838 2965 957 3043 bassim,
981 2989 1050 3045 quae
1068 2974 1136 3028 inest
1154 2975 1181 3028 in
1200 2994 1224 3030 r.

144 3059 311 3132 νῖραφιόνης,
337 3063 399 3115 naui
423 3063 503 3116 buius
529 3061 621 3116 classis
644 3061 872 3114 substantivorum
897 3061 925 3112 in
943 3079 1028 3129 -ωτης
1047 3061 1224 3114 desinentium

144 3151 228 3203 actira
248 3149 407 3219 plerumque
424 3151 451 3202 ri
470 3148 641 3217 gaudentium
658 3155 806 3218 repugnet:
833 3154 895 3199 aunt
918 3148 988 3198 enim
1008 3147 1137 3216 quaedam
1156 3163 1225 3218 quaa

145 3245 240 3290 statum
254 3236 410 3304 signilieant,
429 3243 459 3288 ut
475 3235 603 3304 νησιώτης
621 3241 647 3287 et
665 3235 770 3296 similia,
788 3241 815 3286 et
833 3233 906 3304 qood
924 3233 1046 3303 proxime
1064 3232 1118 3286 bue
1135 3235 1225 3306 perti-

144 3331 189 3380 net
208 3319 422 3394 onnqrondrqc,
440 3322 548 3394 quicum
568 3339 617 3376 suo
636 3321 697 3374 loco
718 3318 900 3374 Schneiderus
918 3319 983 3374 Lex.
1003 3329 1140 3391 comparat
1158 3323 1225 3377 illud

143 3416 232 3483 ipsum
258 3409 420 3481 νῖραφινίτης.
472 3405 549 3463 Haeo
573 3407 697 3481 pluribus
722 3407 820 3463 abhinc
844 3408 920 3462 annia
946 3409 1045 3479 scripta
1070 3427 1143 3464 nuno
1173 3427 1224 3465 re-

144 3500 264 3555 tractanti
282 3500 310 3551 in
329 3514 423 3551 manus
441 3499 535 3552 incidit
554 3495 762 3553 Choerobosous
780 3515 796 3550 a
816 3494 944 3552 Cramero
957 3494 1062 3552 Aneed.
1076 3495 1124 3552 Gr.
1141 3497 1174 3553 T.
1188 3497 1223 3554 ll.

143 3608 170 3662 p.
182 3589 234 3642 211
255 3587 356 3652 editus,
375 3587 421 3658 qui
440 3588 597 3641 sententiam
617 3603 702 3640 meam
723 3585 844 3639 nonnibil
864 3584 1018 3642 confirmat:
1044 3585 1225 3658 Ειραφινίνηςι

144 3671 191 3730 tui
210 3679 258 3744 τῆς
276 3695 297 3728 aa
315 3677 478 3742 dando'yroo·
505 3672 558 3728 aiud
581 3673 632 3746 raiq
658 3675 707 3728 τοῦ
731 3671 864 3742 {oidelerius
885 3681 987 3741 ylyorrs
1004 3675 1163 3744 ίρῤαφιῶτης
1183 3681 1226 3726 καί

143 3761 313 3835 εἰραφιῶτης,
340 3763 532 3834 προσελθόντος
550 3769 597 3816 τοῦ
615 3788 625 3817 ι
642 3770 687 3816 καί
705 3761 902 3831 dnofilqdlsroc
920 3764 968 3814 rori
986 3781 1013 3831 q.
1057 3757 1225 3832 Eiqoque'rqc

143 3857 172 3907 dl
191 3856 292 3919 λέγεται
310 3848 323 3902 ὅ
342 3848 484 3914 Διόνυσος,
504 3847 549 3902 dod
566 3848 599 3902 ‘eti
617 3848 750 3920 lqlqlriodns
766 3852 792 3901 ir
809 3853 848 3917 aqi
865 3853 940 3919 μηρᾷ
957 3853 1007 3902 τοῦ
1024 3846 1089 3907 Aede
1105 3851 1167 3918 eim]

215 3937 394 4009 [πολεμιστής]
420 3937 577 3992 Macrobius
603 3933 657 3990 Sat.
677 3935 698 4000 l,
719 3936 752 3990 19
770 3935 842 3988 init:
873 3937 952 3999 Quae
971 3936 1004 3988 de
1023 3937 1122 3990 Libera
1145 3949 1225 4009 patre
1257 3993 1262 4008 Ι

144 4029 219 4082 dicta
242 4038 322 4090 snat,
349 4029 415 4080 laneo
433 4025 549 4079 Martem
575 4025 688 4078 eandam
713 4043 746 4076 ac
768 4025 852 4076 solen
876 4043 931 4077 care
954 4025 1146 4099 demonstrant.
1191 4027 1226 4079 St

144 4118 253 4189 quidm
277 4119 404 4190 plerique
424 4119 553 4172 Liberatus
571 4136 630 4170 enar
648 4116 739 4168 Marte
758 4116 942 4187 uniaagant,
973 4133 1057 4169 uara
1074 4116 1153 4168 dean
1171 4135 1226 4170 eoae

144 4216 335 4259 monstrantes.
383 4205 459 4258 Unde
478 4205 605 4258 nanetus
623 4205 737 4264 traditor
756 4205 979 4276 cognominatas-3
1006 4204 1081 4276 qaod
1098 4214 1139 4257 eat
1154 4206 1226 4257 inter
1329 4199 1336 4211 ’

543 4291 557 4329 l
