2984 4825
580 324 817 385 -185-

169 483 329 568 σφάλλειν
348 482 393 556 εδ
418 485 556 570 δένδρα,
586 480 740 571 όυὲριιιιν
764 479 804 553 δι’
823 484 936 559 αδτιόν
960 493 1016 561 sul
1044 488 1246 579 ιιεριιιλειιό-

169 622 272 680 μενσς
286 593 293 679 Ι
308 594 503 684 βιαιότερον
515 608 584 671 τοις
598 596 774 680 πρόμνσις.
823 593 874 663 Τό
886 597 921 667 dl
934 598 1105 688 θυμελιειό
1120 601 1245 690 αἰιρσά-
1256 612 1320 671 220

169 732 265 791 μαυα
285 708 347 776 edu
368 708 531 777 Διόνυσον
552 701 750 792 θεραπεύει,
771 703 826 775 διό
849 703 913 791 τὴν
933 708 1018 796 πρός
1039 712 1100 789 τός
1120 716 1248 791 θαλίας

168 816 357 906 σιίιειόαησα
384 814 517 897 αὐτῶν,
548 816 623 886 σῖσν
650 811 735 903 ρόδῆς
762 819 818 886 sul
845 816 1009 906 ιιιθόρας·
1046 822 1111 903 ,μδ
1131 820 1197 914 γάρ
1218 825 1248 895 ς’

169 926 381 1015 ἀναθήματα
411 925 556 1004 δαιτός’.
606 932 862 1017 Μυθσλσμεῑσαι
893 924 922 997 δ’
946 929 999 1000 iius
1025 932 1248 1013 διασπασθεὶς

169 1035 241 1107 eino*
263 1044 331 1109 σῶν
357 1039 513 1109 Τιτάναν
534 1042 700 1125 συνετέθη
721 1040 828 1109 πόλιν
854 1036 925 1109 siud
953 1044 1015 1128 τῆς
1041 1038 1162 1125 Ῥέας,
1194 1053 1248 1113 αἱ·
1362 1104 1366 1112 .

168 1152 380 1234 νισσομένων
402 1154 470 1219 σοῖν
491 1146 711 1235 παραδόντων
729 1146 792 1219 τόν
811 1154 954 1237 μόθου,
984 1152 1038 1222 des
1060 1160 1093 1222 nl
1112 1159 1247 1241 γεωργοὶ

171 1261 359 1346 θρέμματα
387 1264 450 1348 γῆς
479 1260 574 1337 ὄντες
601 1263 758 1351 συνόχεαν
784 1259 865 1339 serie
891 1262 1018 1351 βότρυς
1042 1268 1097 1334 sul
1123 1272 1186 1336 euri
1212 1274 1249 1338 ἐν

173 1367 288 1447 αὐτοῖς
316 1372 482 1443 Δισνόσσυ
509 1369 553 1441 τό
581 1376 669 1462 μέρη
696 1374 853 1464 ἐχώρισαν
881 1370 940 1443 ἀπ’
958 1374 1125 1462 ἀλλήλων·
1163 1376 1249 1467 δδὴ

170 1526 343 1581 ciTiseodos.
350 1528 681 1601 Gramm.p.115.Goettl.
772 1529 937 1603 ἀκροάματα]
957 1531 1048 1586 Puni
1067 1530 1247 1603 «inposicionem.

171 1614 205 1667 Οό
217 1617 313 1686 βότρυς
328 1616 420 1671 ultima
433 1618 575 1689 producte,
591 1628 622 1671 ut
631 1638 680 1690 per
771 1615 917 1688 οδιιιιότρτα
936 1618 1033 1687 αὐτῶν]
1053 1619 1100 1675 Sic
1113 1622 1174 1676 Par.
1183 1628 1209 1677 2.
1220 1627 1247 1677 4.

170 1712 223 1769 est,
250 1705 363 1759 affertur
379 1706 412 1759 ab
432 1704 550 1759 Arcadio
568 1705 602 1758 de
622 1724 679 1760 acc.
735 1706 826 1776 Vulgo
845 1708 940 1760 ordine
958 1708 1071 1759 inverso.

171 1810 198 1862 p.
210 1794 271 1845 tut.
297 1792 390 1860 Quare
402 1793 539 1847 merituin
551 1792 680 1846 oileusio-
772 1791 825 1845 οἶον
838 1789 920 1862 ρι’δῆς]
939 1794 994 1845 Pro
1007 1790 1060 1845 οἷον
1073 1794 1152 1849 Laur.
1165 1800 1181 1848 2
1196 1802 1248 1861 sut,

170 1897 233 1931 uem
253 1879 324 1932 veuit
341 1876 449 1933 Coluthi
466 1898 556 1933 sersus
573 1881 620 1934 δότ
736 1900 805 1952 quae
815 1881 924 1937 voculae
938 1881 1010 1937 haud
1022 1880 1207 1953 infrequenter
1219 1882 1247 1935 in

204 1963 680 2038 χρυσιίοιςδδιιάτιρθιτινασσόμενος
733 1967 815 2021 MSS.
832 1970 1042 2025 confunduntur.

770 2052 806 2105 ‘sei
829 2056 879 2127 reip
905 2054 931 2107 τ’
952 2055 1114 2126 αὐαθὴματα
1140 2052 1244 2125 δαιτός]

206 2136 303 2211 βότρυς
315 2138 485 2211 ἀκερσεκόμης
496 2135 603 2208 Ζιρόρρ
617 2157 680 2190 στυ·
735 2140 852 2192 Pessime
872 2141 950 2211 sulgo
964 2142 999 2193 αδ
1014 2140 1065 2209 reip
1083 2139 1246 2210 α’ναθὴιιατα

454 2225 569 2286 esteten>
578 2232 682 2294 χαίτης,
737 2228 786 2293 τῆς
810 2227 909 2284 δαιτός.
950 2227 995 2280 Est
1020 2227 1092 2278 enim
1117 2228 1246 2297 particula

171 2314 218 2369 ubi
236 2312 368 2368 d'Orsillii
385 2314 566 2369 coniecturam
584 2313 683 2385 βότρυν
737 2312 834 2389 Odyss.
842 2334 868 2379 α,
877 2317 938 2371 152.
962 2314 1051 2386 Atque
1062 2313 1136 2369 hunc
1147 2315 1246 2370 inmo-

448 2051 605 2115 πλοκάμοισι

171 2422 236 2456 cum
253 2402 392 2475 Lennepio
414 2423 447 2458 eo
468 2404 603 2460 lubentius
623 2425 682 2460 am·

169 2490 286 2562 plector,
306 2511 362 2564 quo
379 2493 477 2546 certius
493 2505 588 2563 poetae
605 2494 683 2548 Non·

170 2598 222 2640 uus
237 2579 317 2632 simili
336 2578 399 2634 Ισσσ
416 2580 445 2634 in
463 2584 566 2634 rariore
587 2583 682 2654 siugu-

169 2666 234 2722 laris
252 2685 301 2722 usu
322 2668 434 2739 praeivit
449 2667 531 2719 Dion.
546 2670 607 2736 XV,
621 2673 682 2724 229.

206 2760 260 2805 τῶν
275 2751 423 2824 κορύμβαι]
450 2754 497 2810 δὶα
518 2756 681 2813 adsentiente

172 2840 320 2895 Villoisonn
334 2843 394 2895 dedi
408 2863 437 2896 es
447 2844 509 2897 Par.
519 2849 545 2898 2.
557 2851 584 2900 4.
601 2846 681 2900 Leuc.

170 2934 197 2983 4.
214 2934 240 2984 5.
274 2930 347 2984 ldem
371 2931 458 2986 Oson.
481 2935 538 2987 sine
559 2936 681 2990 articulo.

172 3022 229 3070 Τιἰν
247 3016 419 3089 ιιορυμβόδυν
442 3021 503 3075 Par.
521 3027 538 3076 5
557 3034 584 3076 et
601 3024 680 3076 Lacr.

170 3107 202 3170 3,
231 3105 341 3159 sortasse
358 3127 415 3160 uon
436 3111 634 3179 spernendum,
659 3111 681 3163 si

170 3192 253 3244 modo
263 3190 313 3250 scic
328 3192 461 3259 κορυμβιίς
474 3196 507 3246 δε
518 3195 616 3247 hedera
628 3195 681 3249 dici

171 3277 280 3350 probari
294 3278 384 3348 possit.
413 3279 482 3332 Nam
496 3281 569 3350 quod
581 3281 610 3333 iu
624 3281 682 3333 sul·

171 3367 239 3438 getis
260 3367 318 3420 sine
342 3386 420 3420 seusu
442 3380 494 3435 est,
519 3364 682 3439 α’ρυμβόδιιν

169 3457 241 3525 (siue
252 3456 386 3523 articulo),
401 3469 512 3528 apparet
522 3457 614 3510 sitium
626 3477 681 3510 esse

170 3559 222 3609 pro
241 3544 420 3608 κορυμβάδαν.
448 3545 561 3599 Galeus:
580 3544 681 3611 „Veia-

171 3624 226 3678 rius
238 3625 302 3694 legit
315 3625 480 3693 Orybadun3
497 3632 570 3700 quod
583 3631 626 3685 hic
638 3632 681 3683 lo-

172 3732 234 3768 cum
246 3731 302 3766 uon
316 3710 417 3764 habet'.
443 3712 533 3765 Par.1
549 3715 681 3784 vulgatam

172 3820 234 3857 curu
252 3800 375 3855 articulo.

206 3888 334 3959 διέρπειν]
352 3888 432 3940 [σας.
451 3892 468 3940 2
486 3883 605 3939 α’νέόειιιν.

206 3977 361 4046 βιαιότερον]
376 3973 435 4028 Hoc
446 3975 542 4030 adsciri
552 3993 582 4028 es
592 3973 681 4027 Οισα.

170 4063 231 4115 Par.
248 4067 273 4114 2.
295 4065 321 4115 4.
348 4061 426 4116 Lnur.
445 4067 464 4118 4
481 4074 508 4117 et
527 4068 553 4118 5.
589 4061 679 4134 Vulgo

170 4153 332 4220 βιαιοτέρας.

736 2402 802 2458 dusu
815 2400 966 2459 Cornutum
980 2404 1123 2478 scripsisse,
1141 2423 1171 2458 es
1184 2404 1248 2476 ipsis

738 2491 883 2548 codicibus
905 2493 1047 2567 colligitur.
1084 2494 1124 2546 rt
1148 2494 1198 2565 reip
1222 2491 1248 2546 τ’

736 2582 797 2634 Par.
811 2587 836 2634 2.
854 2586 872 2635 4
890 2592 915 2635 et
932 2585 948 2636 5
968 2581 1026 2651 (bic
1042 2592 1131 2634 umen
1149 2603 1177 2634 ss
1196 2601 1246 2653 pru

736 2665 781 2736 τ’).
808 2669 897 2722 Pani
913 2666 948 2720 cd
965 2667 1016 2737 γδρ
1033 2665 1076 2722 τό.
1101 2670 1143 2722 De
1158 2668 1246 2741 phrasi

736 2755 812 2826 epicn
829 2751 881 2826 γάρ
899 2776 937 2823 τι,
956 2757 1032 2812 cuiue
1045 2756 1106 2812 luco
1121 2756 1247 2829 deinceps

734 2863 764 2896 τε
775 2841 826 2913 γάρ
837 2845 865 2896 iu
876 2863 953 2897 usum
968 2845 1045 2911 venit,
1063 2844 1142 2900 sdess
1151 2843 1247 2898 Tlsier·

735 2931 838 2986 echium
851 2931 911 2987 Act.
922 2931 985 3005 phil.
995 2933 1071 2987 Mun.
1083 2932 1141 2986 T.l.
1154 2954 1179 3003 p.
1187 2936 1248 2986 225.

735 3019 887 3074 Articulum
915 3031 976 3074 ante
1002 3018 1094 3078 δαιτός
1122 3019 1248 3072 omittunt

735 3107 798 3158 Par.
815 3109 833 3158 4
851 3115 877 3157 et
894 3109 920 3158 5.
949 3107 1004 3158 Pro
1023 3105 1114 3162 δαιτός
1132 3106 1210 3157 Laur.
1230 3111 1246 3158 2

734 3191 857 3258 γαστρός,
872 3190 916 3242 sed
931 3208 946 3242 a
960 3200 1112 3244 correctore
1125 3189 1243 3244 additum

736 3277 836 3334 δαιτός.

773 3365 958 3431 διασπασθεὶς]
990 3365 1067 3418 Laur.
1092 3368 1109 3416 2
1138 3367 1245 3418 συνδια-

737 3459 879 3519 audeone,
907 3471 963 3525 quo
984 3451 1134 3523 composito
1152 3453 1244 3508 Lesica

737 3553 837 3609 carent,
856 3540 966 3613 iusuper
981 3539 1112 3595 firmando
1128 3543 1245 3596 auctori-

736 3640 790 3684 tate
809 3631 942 3684 Damascii
961 3630 994 3683 de
1012 3629 1128 3700 princip·
1150 3647 1177 3698 p.
1193 3630 1244 3680 342

737 3714 779 3766 ed.
797 3715 885 3785 Kapp.

774 3800 881 3867 βότρυς]
897 3799 999 3850 laur-4
1010 3795 1134 3867 βότρυας.
1153 3798 1187 3850 V.
1194 3817 1246 3852 tto·

737 3893 788 3936 tata
808 3883 840 3936 de
859 3883 909 3936 bac
925 3883 1013 3936 forma
1030 3883 1063 3936 ad
1085 3903 1111 3956 p.
1124 3887 1183 3940 219.

772 3973 798 4020 δν
816 3967 916 4038 edente]
941 3970 1022 4026 liecte
1046 3971 1081 4026 its
1099 3973 1194 4028 Pacu
1218 3983 1244 4027 et

735 4058 815 4113 Laur.
833 4064 867 4126 4,
896 4059 1063 4114 collaudante
1085 4061 1242 4116 Villoisono.

736 4146 823 4202 Oson.
840 4150 990 4218 δ’ναντιρία
1008 4168 1062 4221 quo
1084 4146 1184 4207 ἐνόντος
1202 4147 1242 4202 la-
