2984 4825
669 336 708 348 -
776 324 799 365 ¹
863 338 908 351 ..0

349 494 409 541 nes
435 494 455 541 5
482 466 628 543 Ciaudiu
655 466 824 544 Salmacis
850 495 870 543 c
894 470 997 544 veteri
1022 468 1113 545 libro
1135 471 1324 572 descriptas

348 568 526 643 continet.”
553 568 743 643 vtLLOtS.
794 570 872 648 Non
893 569 1027 648 ridetur
1041 573 1119 674 ipsu
1134 571 1323 649 Salmasius

347 670 465 747 codice
491 699 575 747 usus
600 696 685 759 csse,
710 668 773 747 sed
799 672 967 748 variantes
991 676 1064 749 eius
1089 703 1108 749 a
1136 676 1323 777 Sylburgio

339 773 427 851 :oiim
453 772 633 849 excedite
660 790 835 873 excerptas
861 777 1136 878 transcripsisse,
1158 796 1196 853 ut
1214 781 1322 853 conii·

349 876 437 949 citur
469 902 508 949 ex
543 876 585 949 iis
617 889 705 975 quie
732 874 941 954 Villoiscuus
973 879 1009 951 in
1044 879 1178 979 Pruleg.
1210 900 1242 954 et
1276 882 1321 956 50

346 1006 373 1051 c.
395 980 457 1051 27.
482 1004 516 1077 p.
537 979 613 1053 203
638 976 825 1153 insigms
844 978 1029 1061 adnotavit.

295 1079 391 1171 (Par.
414 1078 458 1179 4)
482 1078 685 1155 Parisiensis
741 1080 839 1176 agius
863 1085 978 1156 2720.

296 1182 391 1276 (Par.
412 1184 454 1279 5)
481 1180 686 1257 Parisieusis
712 1180 842 1275 Regius
867 1185 981 1255 3052.

296 1285 389 1382 (Par.
415 1284 456 1377 6)
483 1283 686 1359 parisiensis
712 1284 844 1379 Regius
859 1285 975 1357 2551.
1012 1281 1147 1357 Desinit
1168 1282 1322 1373 151500,

346 1402 506 1463 monente
528 1384 655 1474 nasio,
687 1384 800 1459 verbis
824 1378 979 1489 νεβρίδα
1009 1376 1054 1467 ii
1075 1378 1101 1481 ti
1123 1377 1322 1490 arcipiam

346 1486 534 1591 ἑννῑφθαι.
597 1486 670 1561 tot.
708 1487 908 1587 insequente
946 1486 1086 1586 excipit:
1129 1486 1320 1571 Διογὺσίου

347 1582 639 1695 ἆλικαρνάσνων
664 1587 747 1687 (sic)
772 1584 859 1693 περὶ
881 1587 1096 1673 συνθέσεως
1119 1583 1321 1686 ὀνομάτων.

295 1691 478 1787 (Leuni)
512 1689 731 1767 Florentiuus
767 1690 1019 1767 Laurentianus
1042 1694 1092 1765 37
1125 1687 1231 1788 plutei
1259 1693 1320 1765 31.

295 1794 413 1886 (Laut.
438 1798 480 1887 2)
514 1791 733 1871 Florentiuus
768 1792 1018 1869 Laurentianus
1043 1797 1096 1867 20
1128 1788 1234 1888 plutei
1261 1795 1319 1867 56.

260 1938 264 1949 ·
347 1895 412 1967 Hic
438 1922 516 1969 cuns
543 1894 696 1973 Galesuo
722 1911 881 1971 contextu
911 1892 1112 1995 pierumque
1130 1895 1320 1969 consentit

293 1997 413 2094 <Lanu
437 1998 477 2094 3)
503 1995 722 2073 Florentinus
746 1995 998 2073 Laurentianus
1023 1996 1068 2069 13
1092 1991 1198 2093 plutei
1219 1996 1280 2071 58.

293 2100 413 2192 (Laur.
435 2099 477 2197 4)
504 2097 722 2177 Florentinus
748 2099 1000 2176 Laurentianus
1024 2098 1048 2170 9
1074 2094 1180 2195 plutei
1201 2097 1264 2171 60.

295 2202 413 2298 (Laur.
438 2206 477 2296 5)
505 2200 723 2279 Florentiuus
750 2200 1000 2277 Laurentianus
1018 2197 1073 2273 24
1091 2195 1197 2296 plutei
1215 2201 1265 2273 57
1276 2197 1320 2294 *).

295 2306 417 2397 (Aug.)
444 2304 677 2399 Augustanus,
701 2330 802 2401 quem
820 2300 998 2375 Viiluisoni
1018 2301 1060 2378 in,
1076 2324 1176 2373 usum
1200 2315 1319 2374 contu-

347 2402 388 2476 lit
409 2402 641 2478 Schneiderus
658 2404 762 2489 Saxo,
787 2418 857 2474 tum
882 2401 1027 2489 iuvenis,
1050 2418 1132 2474 teste
1152 2399 1319 2474 Oberlino

347 2503 489 2602 epistola
522 2503 721 2601 Strasburgi
748 2502 828 2576 data
855 2502 888 2578 0.
917 2505 1035 2578 11an.
1062 2530 1091 2575 a.
1120 2503 1230 2578 1775.
1280 2505 1319 2574 V..

348 2603 479 2680 Villois.
505 2603 639 2704 Proieg.
664 2604 877 2732 scripturam
904 2605 979 2678 eius
1004 2630 1113 2704 usque
1138 2603 1183 2682 50
1213 2632 1241 2678 c.
1263 2605 1320 2679 16.

346 2735 380 2808 p.
405 2711 478 2783 167
514 2707 614 2781 uerba
640 2736 867 2805 γεννηματα
890 2702 1003 2806 ζῶον,
1038 2705 1086 2781 uti
1118 2704 1239 2793 habet.
1263 2732 1319 2778 es-

346 2828 497 2910 cerptam
522 2809 651 2909 reperi:
677 2824 823 2882 attamen
845 2808 973 2908 passim
994 2808 1028 2880 in
1047 2833 1128 2907 seq,
1155 2825 1191 2883 ut
1216 2836 1245 2885 e.
1263 2809 1320 2881 16.

346 2939 382 3010 p.
396 2915 470 2987 167
488 2911 534 2986 50
551 2904 691 3011 τυχών,
716 2927 750 2984 et
771 2939 801 2985 c.
819 2912 876 2987 17.
896 2937 930 3010 p.
946 2910 1018 2984 173
1041 2907 1086 2982 50
1108 2938 1137 2982 v.
1153 2902 1212 2990 δεῖ
1227 2909 1321 3008 apud

349 3013 573 3090 Viliuisonunr
593 3040 712 3090 rursus
729 3012 843 3102 huius,
863 3029 901 3086 ut
918 3011 1062 3099 uidetur,
1082 3010 1211 3087 codicis
1226 3038 1320 3084 men·

311 3222 343 3305 *)
365 3227 583 3294 Parisisnsiuus
614 3228 724 3291 horum
756 3236 787 3289 et
815 3222 1068 3295 Florentinumm
1098 3222 1190 3286 MSS.
1219 3221 1322 3284 nascio

245 3326 308 3387 quo
332 3331 402 3372 casu
423 3311 536 3380 iactum
558 3325 611 3388 est,
634 3324 668 3373 ut
692 3311 844 3373 variantes
865 3309 905 3370 sb
930 3306 1020 3369 initio
1041 3307 1144 3370 libelli
1164 3306 1321 3388 usquead

246 3411 279 3470 p.
292 3393 355 3452 206
376 3395 409 3455 in
430 3397 557 3459 schedas
578 3415 660 3460 meas
678 3415 742 3458 nun
761 3392 939 3457 retulerim:
963 3391 1013 3453 cui
1029 3387 1141 3453 damno
1157 3391 1323 3453 reficiendo

246 3478 396 3539 succurrit
417 3479 451 3540 E.
472 3483 619 3544 Milierus
639 3480 682 3542 V.
701 3482 761 3560 D„
781 3480 837 3561 qui
858 3479 953 3540 Hssiu
973 3476 1323 3539 intercedenteuarien·

246 3571 291 3622 tes
311 3583 331 3622 a
352 3582 401 3623 me
421 3567 548 3627 omissas
568 3585 609 3626 ex
629 3563 751 3626 schedis
771 3563 942 3628 viltstsont
967 3561 1120 3642 excerpsit
1142 3581 1323 3643 mecumque

246 3647 425 3714 humaniter
448 3650 694 3714 communicarit.
739 3648 884 3711 Ceterum
904 3649 1114 3712 lectiones'ex
1136 3645 1224 3713 totid.
1242 3647 1324 3709 [uu-

245 3735 394 3798 reutisnis
422 3734 590 3819 descriptas
619 3735 769 3798 intentius
798 3736 1037 3813 perlustrantem
1063 3755 1126 3795 nou
1152 3744 1253 3814 potest
1274 3732 1324 3793 iu·

247 3836 335 3895 gere,
362 3818 416 3900 qui
440 3823 513 3884 huic
537 3820 639 3886 officio
662 3817 856 3901 praepositus
878 3818 954 3895 tuit,
981 3840 1052 3881 sum
1072 3819 1102 3878 ei
1122 3817 1222 3878 labori
1242 3828 1324 3877 recte

248 3897 428 3964 sustinendo
448 3909 542 3986 plane
563 3908 712 3988 imparem
734 3903 844 3982 fuisse3
869 3923 939 3964 nsm
961 3923 1023 3963 non
1045 3904 1145 3962 solum
1168 3901 1324 3981 negligen-

248 3997 296 4046 ter
319 3985 437 4049 cudices
459 3989 530 4053 eum
552 3993 728 4068 excussisse,
750 3987 803 4052 sed
825 3988 916 4052 stiunt
933 3986 1106 4065 scripturae
1122 3985 1185 4046 uim
1202 3986 1325 4067 saepius

250 4091 312 4133 non
341 4086 513 4136 assecutum
540 4095 620 4150 esse,
650 4076 760 4140 multis
789 4075 941 4153 psubutur
967 4071 1129 4150 exemplis.
1179 4071 1324 4134 Ceterum

250 4155 340 4218 valde
369 4156 477 4235 doleo,
509 4162 669 4222 consulere
697 4160 735 4222 ds
763 4155 980 4222 Laurentisnis
1005 4157 1083 4218 mihi
1111 4178 1173 4219 uon
1201 4156 1324 4220 licuisse

250 4241 395 4309 Bendinii
415 4243 606 4327 catalogum.
