2984 4825
737 393 975 451 -498-

317 562 378 623 mel
400 556 505 620 ordini
527 558 611 619 studia
633 579 684 618 res
707 557 867 621 adversari
895 559 1010 639 possit,
1041 558 1125 641 quod
1147 561 1209 621 iam
1230 558 1403 625 docuerant

316 668 406 726 Plato
433 663 464 723 in
493 661 613 725 decimo
637 662 676 725 de
703 663 824 743 legibus
853 666 953 739 libro,
987 682 1128 725 necnon
1151 662 1403 743 inEpinomide‚

315 792 351 829 ac
371 767 531 846 Epictetus
553 764 638 847 apud
659 766 827 827 Arrisnnm
845 764 891 849 ἥς
918 767 991 829 lsino
1009 766 1198 827 Plutarchus
1223 766 1308 827 ellici
1335 768 1405 847 opi-

316 884 426 948 natur,-
446 868 537 933 deum
550 892 576 930 'a
599 867 778 949 Chrysippo
799 868 938 931 oninium
961 880 1176 947 peccatorum,
1197 889 1336 951 quorum
1354 882 1404 931 ts-

315 996 389 1035 snen
405 975 477 1053 ipss
499 991 606 1033 rursus
628 991 746 1051 poenas
770 970 906 1051 repetit,
933 980 1091 1033 assutorem
1120 971 1287 1051 connitum
1322 994 1403 1041 nam,

315 1077 420 1159 inquit
439 1077 642 1151 Plutarchus,
664 1096 732 1137 otuu
756 1074 876 1151 omnia,
898 1096 977 1157 quae
1000 1066 1096 1151 fiunt,
1119 1072 1179 1137 diis
1198 1072 1403 1140 odsctibende

315 1184 388 1260 sint,
409 1180 481 1242 lsinc
504 1182 608 1262 turpio
631 1192 663 1241 et
684 1178 780 1259 impia
798 1179 877 1239 lacta
895 1175 955 1241 diis
975 1179 1093 1257 pariter
1107 1175 1243 1239 adscribi
1255 1176 1404 1255 debeant,

315 1305 418 1368 neque
440 1306 460 1345 a
480 1282 558 1359 diis,
590 1302 697 1343 eornm
720 1280 917 1357 auctoribus,
949 1278 1108 1359 ptmieuda
1130 1280 1201 1343 sint.
1257 1280 1340 1358 Sed,
1370 1296 1401 1343 ut

315 1387 439 1465 egregio
460 1386 609 1446 observat
635 1384 755 1446 Badius
771 1381 800 1467 ²)
823 1384 858 1445 ln
880 1383 1058 1466 Chrysippo
1080 1385 1208 1445 omniuo
1231 1381 1402 1448 videndus:

315 1489 363 1566 „si
382 1488 556 1567 Plutnrque
577 1485 694 1546 n'avoit
715 1484 869 1563 reproclsd
891 1506 953 1547 aux
975 1484 1145 1563 Stoiciens,
1164 1506 1228 1568 que
1249 1486 1290 1549 de
1313 1490 1402 1551 s'dtre

315 1589 487 1653 contredits
508 1589 584 1651 dans
606 1588 636 1649 la
658 1586 799 1649 doctrine
823 1585 861 1649 do
883 1588 914 1649 la
935 1586 1084 1667 destiue'e,
1107 1602 1137 1651 et
1160 1587 1239 1653 daus
1263 1593 1341 1655 celle
1361 1592 1402 1655 de

315 1697 346 1757 la
367 1692 480 1756 liberte
500 1692 539 1754 de
561 1693 716 1769 l'lrommc,
737 1690 913 1753 iln’aurolt
929 1712 985 1771 pos
1003 1690 1164 1772 rernportd
1180 1712 1235 1753 sur
1254 1714 1319 1755 anx
1336 1707 1402 1757 tant

315 1798 518 1878 d’arenta303
541 1818 593 1859 car
614 1816 655 1857 ou
677 1792 875 1874 repoudroit,
896 1812 979 1872 pour
999 1793 1130 1869 justilier
1146 1792 1336 1877 Citrpsippe,
1356 1800 1403 1861 les

315 1904 432 1963 ruentes
453 1900 578 1977 choses,
607 1918 668 1979 que
695 1897 759 1957 l’on
790 1892 911 1975 ripoud
939 1895 1137 1972 aujourd'lrui
1163 1916 1202 1957 en
1230 1899 1342 1961 fateor
1363 1900 1403 1965 do

316 2025 412 2081 caux,
442 2003 498 2085 qui
526 2023 566 2063 no
597 2009 731 2080 pensent
755 1996 901 2061 acrorder
928 1998 974 2061 les
1004 1997 1124 2061 de'crets
1152 1996 1191 2061 de
1216 1999 1294 2063 Dieu
1321 2024 1403 2067 aree

316 2119 408 2168 notre
431 2107 518 2167 lraac
539 2104 670 2175 irlritre,
693 2112 725 2163 et
746 2102 802 2183 qui
825 2122 864 2163 ue
885 2100 1044 2165 sauroieut
1067 2102 1182 2165 clroisir
1203 2101 1405 2185 decretores,

315 2209 421 2294 queud
442 2210 481 2279 ils
499 2210 623 2290 parlent
645 2204 684 2268 de
702 2205 734 2266 ln
752 2204 1009 2285 predestination,
1031 2204 1087 2287 qui
1105 2226 1144 2267 ne
1162 2208 1313 2269 semblent
1333 2212 1404 2275 otro

315 2312 450 2395 opposds
481 2334 543 2373 ουκ
575 2313 720 2391 plunses,
755 2308 833 2371 dont
865 2308 904 2371 ils
937 2330 971 2373 se
1002 2321 1131 2374 servent
1161 2332 1199 2373 en
1232 2314 1403 2379 exhortent

315 2419 460 2479 l’nnmma
482 2412 500 2476 d
521 2417 553 2478 le
573 2427 681 2490 verto,
712 2425 744 2475 ct
767 2435 805 2478 on
829 2414 858 2474 le
881 2425 1047 2476 cerssnraut
1070 2412 1108 2476 de
1129 2435 1178 2477 ses
1199 2416 1310 2481 ricard
1362 2419 1402 2480 Et

314 2522 375 2583 lsoc
401 2517 530 2604 quidam
558 2536 742 2598 responsum
772 2516 873 2577 valeat
900 2517 994 2578 etiam
1021 2515 1170 2580 adversus
1193 2519 1403 2598 Bruckeruus,

314 2623 436 2686 Stoicos
461 2625 519 2686 hoc
540 2621 666 2684 nomios
687 2617 988 2700 reprehendentem,
1015 2619 1099 2703 quod
1125 2643 1237 2702 parurn
1257 2639 1403 2688 accurate

314 2726 355 2788 ds
375 2726 442 2789 {ato
464 2725 652 2787 coniunctim
674 2745 710 2784 ac
731 2723 770 2785 de
799 2723 997 2804 prouidentia
1023 2726 1137 2801 locuti,
1166 2725 1199 2788 io
1222 2727 1348 2789 lubrico
1370 2751 1404 2790 ac

315 2829 473 2888 salebroso
498 2827 600 2888 aristus
622 2825 707 2888 firmi
729 2825 927 2890 constiterint
946 2829 1034 2905 loco,
1063 2829 1119 2911 qui
1145 2827 1226 2908 pede
1248 2850 1404 2912 suspenso

315 2924 477 2987 adosindus
499 2937 575 2986 erat.
619 2925 789 2988 Enimvero
816 2930 872 3010 qui
899 2930 997 2994 libros
1025 2943 1166 3004 veterum
1193 2951 1228 2994 ac
1258 2954 1406 3012 pracser-

315 3029 372 3090 tim
399 3029 560 3093 Plutarchi
588 3029 628 3092 de
656 3029 834 3094 Stoicorum
864 3033 1079 3113 repugnantiis
1107 3053 1190 3114 opus
1220 3038 1405 3116 perlegerit,

314 3133 481 3196 interiores
502 3134 641 3215 porticus
659 3138 789 3214 angulos
809 3136 939 3200 rimatus
963 3137 1056 3200 luerit
1078 3149 1109 3198 et
1132 3136 1232 3200 uarias
1254 3141 1407 3204 minoem·

313 3236 517 3301 nsadanortuu
537 3249 635 3300 sectss
657 3239 783 3318 penitus
802 3241 939 3319 cognitas
957 3241 1112 3318 habuerit,
1134 3241 1160 3302 is
1177 3242 1287 3321 procul
1307 3243 1407 3306 dulsio

314 3341 405 3402 lacile
433 3361 551 3404 mecum
580 3341 745 3418 latebitnr,
785 3341 907 3408 easdem
938 3363 1068 3425 prorsus
1102 3341 1186 3425 apud
1215 3341 1346 3408 Stoicos
1377 3359 1408 3408 et

313 3442 601 3519 Mulsammedauos,
621 3464 699 3524 quas
720 3443 814 3506 lsodie
835 3444 920 3528 apud
942 3467 999 3508 nos
1021 3444 1214 3508 Christianos
1236 3444 1276 3508 de
1301 3449 1409 3510 libero

314 3543 448 3606 hominis
471 3545 619 3620 arbitrio,
650 3565 686 3606 ac
706 3543 758 3608 dei
779 3547 956 3626 praesentia
977 3561 1008 3612 et
1028 3549 1145 3628 gratia,
1174 3561 1222 3626 et,
1252 3563 1288 3612 ut
1315 3553 1410 3635 loqui

313 3659 416 3708 norant
438 3646 631 3727 scholastici,
653 3648 940 3728 praedestinatione
961 3650 1159 3716 difficultates
1184 3665 1271 3716 ortua
1297 3655 1411 3730 luisse,

313 3747 434 3812 easdem
452 3749 617 3832 opiniones
633 3752 866 3832 pugnacissime,
889 3766 922 3816 ut
944 3755 1009 3818 lare
1032 3755 1077 3831 lit,
1099 3753 1241 3817 dolenses
1261 3767 1293 3816 et
1316 3779 1412 3820 acer·

312 3851 392 3914 rima
422 3866 634 3936 oppugnatas,
664 3852 773 3916 endem
803 3856 836 3918 in
867 3870 1031 3941 utrumque
1064 3869 1183 3938 partem
1214 3875 1413 3937 arguments

314 3952 408 4014 inisse
436 3957 548 4033 allata,
578 3953 707 4038 dequo
738 3956 809 4021 ride
835 3959 1023 4024 lllaracciuut
1040 3959 1067 4044 5)
1095 3974 1126 4025 at
1151 3962 1352 4026 Pococlsium
1371 3965 1415 4049 ⁴),

852 4265 883 4332 4)
901 4263 1018 4336 specim.
1035 4265 1093 4322 hirs
1111 4266 1218 4324 Arabia
1236 4272 1333 4342 pm
1350 4292 1421 4348 sqq.
