2984 4825
679 356 721 365 —
767 320 829 379 258
874 356 915 363 -·

255 486 315 540 leati
333 484 512 540 Doriensibus
531 483 687 539 dicebantur
705 494 731 541 ct
751 480 838 545 piros:
866 502 889 535 v.
909 480 1029 537 Eustatb.
1050 501 1076 555 p.
1099 484 1174 549 1698,
1196 488 1237 540 14.
1267 489 1342 553 1664,

256 578 299 631 ³³.
324 574 414 646 etym.
432 572 472 628 tt.
491 593 517 647 p.
536 575 597 635 om,
615 574 640 625 s.
980 555 988 581 ¹

173 658 244 711 Md
327 662 396 717 surii
414 667 507 716 τοῦτον
523 656 678 733 veirieiras}
703 658 765 730 Peg.
787 661 837 715 149
863 656 1012 712 sur'ci‘iies
1031 664 1059 713 tt
1079 657 1169 727 λόγον,
1196 660 1342 719 κατίῗλὶον

255 773 271 803 Τ
290 771 359 805 06407.
472 785 478 795 ·

273 773 288 825 ρ
325 836 458 911 Ἐριννύος]
482 834 524 889 De
549 835 629 889 serila
655 852 747 889 esrum
774 836 979 904 cognominibus
1005 836 1114 888 omnino
1139 836 1200 889 ride
1219 834 1339 891 Eustatb.

254 944 280 997 p.
300 927 360 989 763,
378 928 421 979 26.
464 922 523 993 Ego
543 924 650 995 quidem
670 923 738 977 hone
757 941 851 977 rocem
871 924 1004 977 deducere
1027 932 1155 977 tentarem
1175 938 1207 979 ex
1227 926 1340 993 lpotius,

254 1016 327 1086 quod
345 1014 416 1085 epod
430 1011 551 1066 Arcadas
570 1012 701 1080 signilicst
720 1009 879 1081 ὄργίζοσθοι,
899 1008 1116 1081 tescelinum.
1133 1011 1233 1080 pall.
1252 1008 1341 1084 [Adde

254 1100 365 1155 Peneon.
385 1097 460 1162 vm,
478 1102 514 1153 25
533 1107 559 1152 et
578 1095 696 1154 Ilrnncls.
715 1100 749 1152 ad
768 1097 894 1171 Aeschyl.
915 1099 988 1169 Sept.
1008 1100 1068 1153 466.
1105 1095 1147 1151 De
1166 1095 1263 1151 borum
1280 1114 1338 1151 nu-

254 1191 355 1242 minum
384 1194 513 1258 potestate
540 1188 619 1241 odeas
644 1184 828 1241 liluemnerun
854 1185 943 1240 Ueber
969 1185 1012 1239 die
1037 1184 1100 1239 ldee
1120 1186 1166 1239 des
1185 1184 1339 1241 Sebiobaala

252 1278 290 1329 im
315 1274 466 1346 Aeschylos
489 1291 516 1345 p.
539 1275 588 1328 tes
607 1292 662 1349 seq.
689 1284 715 1329 et
739 1276 787 1347 qui
811 1292 898 1347 nuper
922 1274 974 1329 boo
1001 1280 1183 1343 argumentum
1208 1274 1337 1343 peculiari

254 1365 477 1419 commentatione
494 1364 628 1426 tractarit,
646 1362 751 1435 Kampe
770 1360 920 1433 Erinnycs,
937 1358 1029 1416 berol.
1052 1361 1171 1415 16666
1209 1357 1235 1413 la
1254 1371 1336 1415 nota·

253 1453 326 1505 tione
345 1452 435 1515 verbi,
463 1468 541 1524 qnam
560 1446 728 1505 Villoisonus
746 1450 884 1523 amplexus
903 1458 954 1514 est,
980 1458 1068 1521 spreta
1087 1450 1217 1519 originem
1237 1450 1272 1503 ab
1289 1452 1336 1521 tp«

254 1550 336 1601 terra,
357 1542 463 1615 quicum
482 1536 618 1610 lirinnyes
637 1540 833 1593 necessitudine
852 1539 939 1610 alique
959 1538 1117 1591 coniunctae
1136 1546 1231 1601 essent,
1250 1554 1335 1609 repe-

251 1638 308 1683 tere
328 1628 427 1691 maluit,
445 1644 472 1698 p.
488 1628 532 1680 43.
569 1626 624 1682 Sed
642 1626 708 1681 baec
726 1644 782 1682 noo
801 1628 915 1683 certiora
933 1625 994 1691 illis,
1014 1642 1100 1698 neque
1118 1626 1187 1680 ratio
1205 1628 1268 1680 setis
1286 1628 1335 1681 in-

250 1716 391 1786 telligitur,
417 1732 468 1788 qna
494 1713 528 1767 ab
552 1717 598 1783 ipa
624 1714 694 1768 cilici
718 1717 836 1788 potuerit
859 1711 980 1787 Ἐρινύς.
1016 1712 1104 1769 Multo
1130 1715 1194 1769 mibi
1220 1716 1333 1787 quidem,

251 1804 368 1858 nominis
393 1804 450 1857 sive
469 1800 672 1871 originationem
691 1803 749 1859 rire
766 1812 921 1877 potestatem
941 1812 1046 1874 specto,
1070 1802 1238 1873 probabilior
1256 1804 1333 1857 deri-

250 1894 330 1947 vandi
354 1894 422 1947 ratio
447 1889 553 1947 videtur
577 1888 611 1944 ab
637 1891 690 1961 ipsc
714 1891 758 1947 rel
783 1892 888 1964 ἔρεξαν,
915 1893 991 1945 cuius
1014 1892 1075 1945 loco
1094 1892 1236 1963 quominus
1255 1893 1332 1945 etiam

249 1982 323 2051 tptm
342 1980 368 2034 in
387 1996 439 2033 usu
457 1978 522 2034 olim
542 1978 626 2032 tuisse
645 1996 695 2033 cur
717 1996 860 2051 negemus,
885 1978 958 2033 nulls
978 1988 1142 2040 estonum,
1167 1979 1202 2032 ita
1221 1989 1249 2032 ut
1267 1982 1332 2051 ἰριο-

249 2068 315 2120 vim
340 2074 366 2122 et
383 2062 498 2137 Ἐροοούς
522 2066 617 2121 eodem
643 2068 724 2122 modo
750 2068 812 2122 bino
837 2066 982 2139 prodierit.
1009 2084 1063 2140 quo
1089 2064 1197 2119 emim
1222 2085 1238 2121 ι
1260 2075 1331 2122 strar.

248 2152 337 2228 Atque
362 2155 546 2223 cognationem
575 2152 706 2228 quandam
730 2152 866 2228 Erinnyss
890 2157 959 2210 inter
984 2163 1011 2209 et
1028 2154 1095 2211 Eriu
1114 2154 1250 2212 Hesiodus
1274 2158 1331 2227 lpse

247 2240 300 2313 Op.
313 2242 374 2299 801.
393 2244 447 2297 866
464 2242 577 2296 innuero
595 2242 708 2299 ridetur.
746 2242 778 2299 Iu
798 2244 857 2299 I'er.
872 2244 889 2297 4
909 2243 942 2297 ad
962 2244 1042 2299 rerba
1061 2254 1116 2303 rore
1134 2247 1261 2305 τοιούτοις
1279 2245 1331 2299 boc.

247 2329 370 2385 scholion
396 2330 494 2400 IegItur
518 2331 696 2401 adscriptum:
722 2329 848 2404 Ἐριννύος
873 2332 989 2400 liparem
1014 2332 1041 2382 cci
1059 2340 1231 2403 rspuppraxnl
1249 2334 1330 2389 dusci-

245 2439 304 2481 μεις
327 2417 401 2489 nupsi
424 2416 456 2472 rei
480 2423 506 2484 is
530 2421 566 2489 τῇ
591 2420 638 2489 spe
665 2426 709 2472 sui
734 2423 770 2494 τῇ
794 2423 831 2491 γῇ
856 2419 993 2492 retias-l),
1018 2415 1035 2492 ἢ
1054 2417 1125 2492 nicpci
1143 2420 1174 2474 sd
1192 2421 1241 2483 'cde
1263 2421 1330 2495 cipue

245 2503 330 2560 ciasiasr
344 2507 408 2577 ᾗ).
453 2508 575 2578 Τισιφόνη
599 2505 676 2578 (Cod.
704 2504 862 2578 Τισιφόνη),
894 2506 967 2579 nupti
990 2506 1022 2560 ed
1048 2516 1110 2562 strar
1134 2507 1195 2568 artic
1220 2515 1330 2572 anslec·

245 2597 385 2665 Miyuaepu,
412 2592 484 2666 nupsi
503 2593 533 2648 ti
551 2603 682 2668 μεγαίρω
700 2603 744 2650 sut
763 2603 944 2660 poeniteret<
963 2607 1065 2654 κακοῖς·
1097 2593 1229 2666 mpure,
1253 2598 1330 2669 nupsi

244 2681 276 2736 si
294 2679 332 2754 μή
350 2681 436 2754 trigon
452 2698 576 2754 οιμοοροτο
592 2681 655 2744 soie
673 2681 817 2744 τοιούτους.
854 2681 974 2755 Apparet
998 2684 1102 2738 eusdem
1121 2683 1215 2739 berum
1234 2687 1330 2740 nomi-

243 2788 308 2825 num
333 2771 508 2843 etymologias
533 2772 609 2844 sequi
633 2770 781 2826 Comutum
806 2772 834 2826 in
856 2771 946 2827 serbis
965 2771 1092 2828 subiectis
1111 2770 1218 2841 desipit
1235 2783 1326 2841 pipat-

243 2877 334 2929 ροπος
353 2867 402 2911 etc.
440 2855 564 2914 Ceterum
583 2859 628 2915 illa
646 2859 797 2935 Erinnyum
816 2865 924 2918 nomina
943 2864 1073 2936 Kampius
1092 2863 1110 2915 l.
1128 2859 1147 2914 1.
1169 2879 1196 2933 p.
1217 2863 1246 2916 tl
1275 2881 1328 2916 su-

244 2945 361 3016 spicatur
377 2946 541 3017 cyolicorum
557 2948 663 3005 demum
680 2961 762 3007 aetate
782 2953 886 3006 inventa
906 2971 972 3018 esse,
992 2954 1125 3010 etiamtum
1141 2949 1247 3020 tragicis
1260 2949 1327 3005 adeo

244 3032 386 3103 incognita.
428 3029 512 3089 Recte
537 3036 591 3091 boc
616 3037 650 3093 de
675 3040 789 3109 tragicis.
833 3037 933 3094 Eorum
959 3041 1048 3094 locum
1074 3040 1145 3110 epud
1169 3037 1327 3111 Euripidem

244 3116 326 3175 llere.
346 3122 397 3176 lur.
417 3122 471 3179 878
493 3121 586 3177 Λιῖσσα
605 3127 753 3198 occuparit
797 3125 833 3180 Αῐ
858 3144 921 3181 vero
948 3128 1085 3182 nominum
1111 3125 1233 3192 illorum,
1259 3145 1328 3201 queo

244 3205 349 3261 scholas
367 3209 590 3281 pbilosophorum
611 3214 809 3285 quodammodo
829 3214 943 3284 sepiunt,
963 3216 1038 3284 origo
1057 3217 1134 3269 etism
1152 3217 1246 3270 seriori
1260 3229 1326 3269 aero

243 3292 419 3353 adscribenda
436 3297 502 3349 mibi
522 3298 629 3369 quidem
647 3301 760 3357 ridetur.
798 3299 903 3356 Primus
923 3312 1008 3366 certe,
1033 3320 1112 3376 quom
1132 3303 1267 3366 norimus,
1292 3301 1326 3356 iis

245 3395 309 3432 usus
327 3390 367 3435 est
386 3381 569 3452 sponodoms
588 3384 778 3463 Atheniensis]

314 3467 492 3542 Wssiemvt]
517 3467 638 3528 Euststh.
656 3493 682 3544 p.
701 3477 762 3540 946,
781 3477 824 3532 44.
850 3481 1016 3542 Σαλαμινίων
1042 3483 1070 3532 tt
1095 3497 1158 3541 φασι
1183 3481 1247 3539 ilice
1270 3483 1327 3532 iuri

243 3552 274 3606 sd
289 3561 428 3627 percipias.

312 3638 433 3718 [Σεμναὶ]
450 3642 491 3701 De
509 3643 563 3700 boc
580 3641 731 3722 Erinnyum
750 3651 858 3707 nomine
878 3653 938 3708 vide
957 3653 1101 3726 llampiom
1120 3655 1138 3708 l.
1158 3671 1180 3707 c.
1199 3672 1226 3725 p.
1245 3653 1281 3707 44
1300 3663 1327 3706 et

241 3748 309 3802 guas
334 3735 519 3790 mnourimus
549 3736 582 3790 ad
607 3735 758 3796 Philemon.
783 3737 846 3796 Lex.
873 3759 898 3811 p.
922 3744 986 3806 162,
1016 3744 1114 3814 quibus
1139 3743 1207 3797 adde
1231 3739 1326 3798 Sebol.

238 3861 511 3880 ——0——ssnn

286 4017 293 4029 ·
314 3949 345 4016 4)
363 3949 542 4009 smmum
560 3962 649 4029 ”imi
667 3975 701 4013 ⁸¹
718 3957 808 4030 Elym-
823 3958 862 4014 M·
881 3976 907 4029 P·
921 3961 982 4021 374.
1001 3959 1026 4013 4·
1064 3959 1117 4016 Pro
1135 3967 1180 4016 aul
1199 3971 1260 4033 post
1276 3964 1326 4036 ipcp

240 4016 411 4074 scribendum
430 4032 495 4092 puto
515 4023 600 4092 ἧγουο.

240 4173 267 4225 Ρ.
289 4087 346 4210 ἷςῶ)
365 4085 467 4146 lisdem
486 4092 573 4164 Etym.
594 4095 612 4148 l.
632 4111 654 4147 c.
675 4105 700 4150 et
718 4094 837 4151 Grsmm.
858 4097 883 4148 in
905 4093 1024 4153 Crameri
1049 4099 1151 4157 Anecd.
1177 4099 1223 4158 Gr.
1250 4099 1281 4156 T.
1302 4101 1328 4157 I.
