2984 4825
566 225 855 336 ·-296-

191 456 264 496 noso
282 441 383 496 mundo
403 441 575 497 constitutum
593 441 707 514 putarit,
731 440 887 513 primosque
911 438 1033 495 homines
1052 440 1163 497 excolo
1183 442 1275 498 odni-

191 530 284 585 uicuto
303 530 386 586 divini
404 532 488 601 ignis,
513 531 541 584 id
561 539 601 585 est
625 529 669 584 dei
692 529 860 601 providentia
879 530 990 600 genitos.
1027 526 1109 595 Quod
1128 546 1193 587 sero
1211 530 1277 587 diclt

192 626 297 673 eterra
314 620 417 689 genitos
436 618 573 684 homines,
599 618 652 672 hoc
676 618 717 671 sic
742 618 856 689 explicat
881 616 976 673 Cicero
1001 617 1035 673 de
1053 618 1121 689 legg.
1140 616 1161 685 l,
1178 620 1205 686 8,
1222 622 1274 674 24ι

196 706 289 771 Quam
313 709 347 759 ds
372 717 474 760 astura
499 708 574 759 ossssi
597 708 756 778 quaeritur,
784 706 925 779 disputari
946 706 1017 759 solet
1042 742 1050 759 .
1072 744 1080 759 .
1102 744 1110 760 .
1136 708 1276 781 perpetuis

194 796 335 855 cursibus,
362 797 583 850 conversionibus
601 795 761 850 coelestibus
780 796 914 847 exstitisse
931 795 1070 867 quendum
1093 798 1275 849 maturitatem

194 882 302 935 suendi
316 887 425 955 peanis
442 885 572 950 Ιιιιιιιιιίς
603 884 694 958 quod,
712 900 836 956 sperem
854 884 883 933 iss
903 891 989 935 taret
1006 892 1090 955 etque
1104 892 1210 946 saron,
1227 882 1275 936 δι’·

194 974 258 1023 visse
277 982 386 1025 auctaas
404 975 442 1025 ss't
456 978 607 1027 animorum
621 992 740 1035 munere,
761 974 825 1044 [quo
840 971 901 1026 loco
917 978 1007 1042 aperte
1023 986 1088 1023 usus
1102 978 1141 1025 eu
1156 968 1275 1025 Lacun-

194 1060 248 1113 tius
264 1057 299 1126 II,
316 1062 347 1114 ll
367 1062 396 1115 iu
414 1061 471 1117 his:
490 1064 582 1114 Aiunt
598 1064 679 1114 certis
696 1058 915 1112 conversionibus
934 1058 1005 1110 cosli
1021 1066 1047 1110 ct
1065 1066 1199 1109 astrorum
1212 1077 1275 1111 sse-

196 1149 271 1201 tihsss
294 1153 478 1203 maturitatem
503 1148 641 1222 quendem
664 1149 798 1200 exstitisse
824 1145 985 1197 ostmsttem
1009 1144 1205 1214 emendorum]
1241 1144 1277 1201 Ut

196 1236 230 1289 de
244 1234 277 1290 N.
293 1236 326 1291 D.
342 1236 363 1301 l,
376 1239 424 1290 32:
442 1239 545 1290 semiss
564 1236 674 1288 decresse
695 1234 824 1287 decidisse
841 1253 855 1287 s
874 1234 947 1287 coelo
966 1232 1004 1285 ud
1023 1243 1119 1285 terreas
1136 1244 1275 1307 putasses,

198 1332 225 1374 et
241 1325 282 1375 sic
299 1324 420 1377 honines
436 1334 546 1396 pets-uus
565 1324 667 1376 similes
683 1322 833 1381 exstitisse,
859 1318 907 1374 ubi
931 1320 965 1373 ad
989 1330 1103 1375 mentem
1122 1322 1275 1377 Stoicorum

183 1410 334 1480 deonotus.
371 1410 461 1477 Quare
480 1429 563 1485 quum
582 1412 775 1483 procidentiam
798 1410 827 1463 in
850 1408 900 1463 hac
926 1408 1057 1479 primitivo
1081 1409 1199 1465 hominis
1223 1428 1275 1483 ge-

198 1499 338 1554 neratione
355 1501 510 1555 admiserint
524 1500 699 1571 hominesque
717 1498 780 1552 ideo
799 1514 814 1552 a
833 1496 883 1552 dlis
902 1506 1022 1553 recentes
1040 1506 1103 1551 tuno
1121 1498 1205 1553 luisse
1221 1516 1275 1555 ro·-

200 1592 256 1649 oet,
281 1601 346 1640 care
365 1586 512 1643 confundas
533 1606 594 1643 cum
612 1586 787 1661 Empedoclis
807 1587 947 1651 sententia,
973 1586 1033 1658 qui,
1057 1594 1123 1641 teste
1141 1584 1230 1642 Nonio
1248 1589 1275 1643 in
1299 1602 1301 1607 ’

202 1672 311 1736 blitum,
330 1691 361 1729 ex
380 1683 450 1731 terra
466 1676 590 1733 homines
608 1687 684 1732 natos
702 1678 739 1731 ait
755 1684 784 1731 ut
799 1676 901 1739 blitum,
919 1683 965 1730 out
975 1672 1133 1740 Democriti,
1152 1676 1198 1748 quai
1211 1684 1276 1730 teste

200 1758 336 1816 Lactantio
351 1762 413 1830 Vll,
431 1768 450 1820 7
467 1764 589 1821 homines
607 1766 816 1839 vermiculorum
835 1764 916 1818 morlo
936 1764 1035 1817 eliusos
1053 1762 1087 1817 de
1105 1771 1183 1829 terra,
1201 1762 1276 1823 nullo

201 1858 310 1903 auctore
328 1853 455 1927 nullaque
473 1855 577 1908 ratione
595 1854 683 1925 fingit,
711 1865 742 1910 ut
760 1853 895 1924 Epicurus
913 1870 960 1907 eos
979 1852 1069 1906 educit
1086 1870 1101 1907 e
1119 1852 1183 1907 limo
1202 1860 1228 1907 et
1245 1870 1276 1908 ex

201 1947 273 1993 terra
291 1941 399 2007 eadem,
424 1958 493 2015 quae
510 1960 582 1997 nunc
600 1960 648 1997 cos
665 1960 699 1997 ex
714 1958 744 1997 se
763 1941 822 2006 alit,
840 1949 871 1995 ut
885 1939 957 1995 Zeno
976 1939 1083 1995 Eleates
1101 1940 1171 2011 apud
1188 1940 1277 1995 Laer-

201 2026 267 2082 tium
283 2047 309 2100 p.
322 2031 377 2084 244
391 2030 563 2097 dicterium
580 2027 729 2102 deipsirsasr
746 2034 773 2083 is
790 2034 839 2100 γῆς
856 2023 928 2095 siros,
946 2028 994 2083 sed
1012 2028 1128 2083 adfuisse
1145 2028 1188 2083 hle
1205 2045 1277 2099 pru-

200 2117 343 2173 rideutiam
361 2136 417 2175 non
435 2120 534 2175 adiicit.
568 2119 673 2175 Senecs
690 2118 742 2191 Ep.
758 2123 800 2175 9⁰.
837 2117 976 2189 Epictetus
994 2117 1066 2189 opud
1083 2114 1189 2172 Arrian.
1206 2116 1277 2173 Dies.

201 2202 222 2271 l,
241 2210 266 2262 9.
285 2210 323 2280 [p.
338 2209 400 2277 40]:
420 2206 465 2261 u’rs'
476 2213 570 2262 ἐκείνου
586 2212 673 2276 (θεοῦ)
690 2206 726 2261 ια’
744 2214 881 2279 arripuero
899 2210 1099 2259 seruaturum
1116 2203 1161 2259 oris
1181 2209 1216 2267 εἰς
1234 2203 1279 2259 sis

201 2299 303 2363 πατέρα
320 2292 367 2347 ris
384 2291 444 2357 luds
462 2293 564 2355 ου’δίἶς
582 2293 628 2349 ris
645 2294 765 2363 adsessos,
792 2292 850 2349 ἀλλ’
865 2298 902 2355 εἶς
925 2288 1030 2347 ι’ἱιιιιιτιι
1052 2296 1099 2357 uls
1121 2291 1157 2347 roi
1175 2297 1216 2347 issi
1231 2297 1279 2365 γῆς

200 2380 342 2449 rosecium}
360 2403 389 2435 τι
407 2389 451 2436 sul
469 2384 591 2448 φυόμινα.
626 2382 778 2439 Luctuntius
798 2382 833 2449 ll,
853 2385 893 2439 1⁰.
914 2401 939 2455 p.
956 2384 1020 2438 1252
1042 2382 1132 2435 Sros'st
1148 2382 1279 2436 ιιιιίιιιι-

203 2469 270 2520 tium
287 2471 425 2540 felsicam
442 2472 553 2526 diuinae
569 2470 698 2526 solertius
716 2475 850 2526 tribuunt.
886 2469 960 2527 Hinc
978 2471 1062 2527 Stoici
1080 2471 1201 2526 homiues
1222 2489 1278 2528 ιο·

202 2557 298 2613 cahant
313 2553 435 2631 ypysnre.
470 2561 567 2617 Sextus
584 2559 689 2634 Empir.
707 2561 766 2616 ade.
786 2559 915 2634 Physicos
935 2577 962 2631 p.
981 2561 1048 2616 555:
1073 2565 1124 2612 res
1142 2561 1170 2611 rt
1186 2563 1278 2612 erust-

202 2667 255 2720 pus
267 2651 389 2701 Στωικῶν
406 2656 470 2711 psol
486 2670 553 2709 τινες
569 2646 631 2708 roric
648 2647 768 2720 repsisse<
788 2654 831 2701 sul
848 2661 961 2718 ypysrstc
979 2655 1030 2700 siis
1049 2641 1194 2718 ἀνθρώπων
1210 2644 1278 2700 suasi

202 2732 269 2786 rrold
284 2739 336 2786 riis
353 2740 399 2786 sir
417 2741 514 2788 orrrlors
531 2737 703 2806 dsupiposruc
719 2741 855 2803 ysyoslsus.
890 2737 923 2790 V.
936 2733 1020 2790 Wolf.
1033 2735 1066 2790 ad
1077 2735 1186 2805 Origen.
1199 2751 1224 2806 p.
1234 2735 1278 2790 82.

202 2817 559 2875 Burnethrchaeol.1'hil.
578 2839 605 2892 p.
618 2823 680 2875 495.
717 2822 770 2891 [De
789 2823 941 2877 modalium
960 2831 1020 2878 ortu
1039 2839 1072 2877 ex
1089 2833 1175 2878 terrae
1191 2822 1278 2892 ignis-

204 2925 257 2981 que
286 2908 471 2963 commistione
499 2927 524 2966 ι.
550 2907 616 2964 Plat.
641 2908 746 2982 Protag.
772 2927 798 2982 p.
818 2913 878 2967 ³20.
897 2909 931 2967 D.
975 2909 1145 2986 Ἀιθρῶιιους
1168 2923 1280 2983 yqysssre

203 2997 269 3052 dixit
285 2995 460 3053 Philostratus
477 2995 559 3068 lmag.
578 2996 674 3064 11,27.
693 3016 720 3070 p.
738 2999 813 3067 85³]

121 3075 192 3130 W
273 3087 370 3150 κόσμου
395 3085 553 3157 συστάσεως]
584 3085 631 3142 Sic
655 3086 828 3159 Anaxagoras
854 3085 1040 3144 Clazomenius
1069 3089 1175 3159 egregie
1202 3105 1278 3143 snum

202 3193 272 3247 opus
291 3193 402 3230 exorsus
420 3186 474 3240 est,
498 3184 564 3230 teste
581 3174 724 3230 Plutarcho
744 3176 778 3230 de
797 3175 866 3247 plac.
885 3174 950 3245 phil.
969 3173 990 3230 l.
1009 3177 1035 3231 ³.
1058 3193 1085 3248 p.
1103 3177 1172 3232 876:
1199 3171 1279 3238 Ὁμοῦ

200 3261 428 3336 πάνταχρήματα
446 3253 486 3334 ἦν,
504 3268 564 3324 νοῦς
582 3267 613 3318 di
630 3262 700 3317 ericii
718 3267 794 3337 διῇρι
812 3270 856 3316 sut
874 3261 1033 3334 διεκόσμησε.

273 3354 397 3421 [συνεῖναί
415 3373 477 3406 nors
496 3355 533 3421 τῷ
551 3347 628 3406 Διῒὸ
646 3347 818 3422 Προμηθιῦς]
838 3349 914 3404 Haec
932 3351 1051 3415 nullum,
1070 3360 1196 3424 quemme
1216 3365 1279 3404 rne-

202 3439 276 3503 mlni‚
296 3439 408 3493 fundum
426 3441 454 3495 in
472 3440 571 3494 tabulis
590 3436 755 3494 Graecorum
773 3438 879 3505 hahent,
902 3441 1003 3512 quippe
1021 3458 1036 3494 a
1055 3439 1229 3511 philosophis,
1249 3447 1281 3492 ut

201 3527 310 3596 opinor,
329 3527 424 3596 ficts.]'

272 3621 317 3669 sut
335 3618 428 3678 situm
445 3617 475 3668 dt
493 3615 568 3685 φασι]
594 3614 636 3670 Dc
657 3615 710 3670 hoc
727 3616 800 3671 furto
819 3633 843 3671 e.
862 3613 965 3670 Platon.
984 3613 1090 3685 Prone.
1115 3633 1142 3686 p.
1158 3614 1214 3669 224
1238 3613 1280 3668 ed.

200 3703 291 3759 Erroi.
318 3707 355 3778 [p.
375 3705 427 3758 320
444 3702 552 3773 HST.]‚
578 3705 627 3759 uhi
651 3715 774 3761 narratur
800 3703 975 3778 Epimetheus
1000 3701 1159 3759 animalibus
1185 3701 1281 3757 dietri-

201 3791 307 3856 huisse,
332 3792 372 3847 illi
391 3791 499 3866 quidem
517 3794 616 3858 robur,
634 3794 698 3848 huic
715 3811 780 3849 vero
798 3796 980 3857 velocitatem,
998 3793 1058 3848 aliis
1077 3792 1183 3848 dedisse
1200 3807 1282 3854 arma,

200 3879 349 3936 inermibus
368 3892 455 3937 autem
474 3882 554 3935 aliam
573 3882 715 3954 quamdam
733 3881 826 3936 solutis
851 3882 966 3937 tuendae
989 3881 1135 3946 rationem,
1160 3888 1190 3934 ut
1208 3895 1282 3951 pen-

201 3985 263 4031 nas,
292 3969 415 4037 corporis
438 3969 537 4024 molem
556 3979 606 4022 etc.
631 3971 666 4022 ita
685 3971 775 4023 omnia
798 3969 909 4038 singulis
928 3968 1108 4033 distribuisse,
1133 3977 1164 4022 ut
1181 3967 1283 4023 nullius

202 4054 323 4110 animalis
340 4055 483 4110 immemor
499 4057 606 4121 luisset,
625 4057 712 4111 solum
731 4064 819 4110 autern
839 4055 973 4109 hominem
992 4055 1141 4128 neglexisse
1160 4063 1186 4111 et
1203 4057 1283 4110 iner-

200 4159 287 4208 mem,
304 4141 407 4197 nudum
426 4144 591 4214 exposuisse.
626 4141 719 4208 Quum
738 4149 825 4196 autern
845 4142 910 4196 nihil
930 4143 1002 4200 aliud
1022 4153 1190 4217 superesset,
1208 4146 1284 4218 qnod
