2984 4825
562 339 799 401 —455-

123 510 171 583 cit,
192 526 305 588 carpus
327 518 383 585 est,
405 518 437 569 et
460 505 531 567 binc
554 505 630 567 deus
643 505 767 587 sacena,
788 516 823 566 ot
842 516 931 566 vocat
947 502 1063 567 Seneca
1079 502 1115 589 ¹),
1137 524 1207 569 cor·

124 631 235 690 porcus
257 622 335 671 erat.
387 608 497 674 Cicero
515 607 560 693 2);
590 612 698 671 Zeno.
724 652 733 671 .
754 650 764 671 .
785 650 795 666 .
816 650 825 669 .
844 610 918 669 nulio
938 610 1022 671 modo
1041 610 1206 672 arbiraia·

121 726 165 775 tm·
187 716 343 797 quidquam
365 711 442 792 effici
457 732 538 793 praue
564 716 602 775 ab
624 734 677 789 eo,
707 734 783 795 qaae
806 734 905 793 expers
931 724 1000 773 aaa
1020 719 1144 795 corporis
1164 744 1206 759 -

123 822 198 877 cuius
219 821 327 892 generis
347 816 535 891 Xenocrates,
556 828 583 877 et
602 823 758 900 superiores
777 825 880 892 aiam,
902 822 1027 877 animum
1046 836 1105 877 erse
1125 818 1206 877 diae·

123 930 186 979 rant
210 950 250 961 -
271 938 321 977 nec
342 936 420 993 cera,
448 931 500 980 out
521 920 598 1001 quod
618 920 742 1001 ffceret
764 922 887 1001 aliquid,
912 931 965 979 ant
984 920 1063 999 qaod
1080 919 1207 999 efficere·

123 1029 182 1093 tur,
199 1039 281 1098 posse
302 1039 433 1081 essenon
454 1042 564 1102 corpus.
610 1018 711 1095 Quam
734 1023 776 1083 ab
797 1040 919 1082 causam
943 1030 975 1079 et
994 1020 1094 1098 ipsam
1113 1040 1206 1082 oseem

124 1140 235 1201 corpus
251 1141 317 1183 esse
337 1121 517 1185 ardetimant
537 1120 634 1185 Stoici
649 1124 733 1205 apud
750 1126 952 1187 Plutarchum
966 1119 996 1205 ³)
1015 1120 1059 1182 sic
1074 1122 1207 1201 loquen-

124 1234 202 1283 tem:
228 1223 272 1289 Οἱ
300 1224 458 1302 Στωϊκοὶ,
480 1228 576 1308 σῶμα
598 1219 663 1309 τήν
685 1220 905 1309 quasimodo
925 1220 992 1310 yaip
1013 1217 1053 1289 ati
1076 1216 1207 1306 δρῶμο·

123 1347 205 1402 νον,
237 1319 258 1408 ἢ
287 1326 339 1391 nai
369 1326 513 1403 ποιοῦν,
545 1330 658 1411 σῶμα·
695 1324 717 1414 ἦ
743 1327 779 1395 δὲ
809 1323 903 1412 puer}
929 1338 1022 1392 maaet
1048 1325 1105 1389 eal
1134 1322 1207 1409 aaa.

122 1418 292 1507 α’κούομον
317 1428 382 1510 yu'o
409 1421 533 1511 αὐτῆς,
562 1432 617 1496 καὶ
649 1428 893 1510 αἰσθανόμεθα
923 1420 1207 1510 προσπιπτούσης

122 1528 164 1611 τῇ
187 1522 292 1611 οἶκοῇ,
315 1530 368 1595 καὶ
389 1528 611 1615 ἐκτυπούσης,
634 1528 796 1614 καθάπερ
816 1525 998 1595 δακτύλιον
1022 1530 1070 1600 ele
1090 1518 1206 1611 captia.
1287 1548 1292 1557 ‘

122 1627 172 1691 Sic
190 1642 220 1691 et
238 1630 353 1693 Seneca
369 1630 398 1715 4)
420 1634 542 1695 Lucilio
565 1634 718 1711 declarat,
740 1631 852 1695 Stoicis
869 1634 971 1693 lanam
987 1649 1101 1710 corpus
1120 1649 1207 1708 ωας

113 1732 217 1810 secare
237 1740 326 1808 oum,
348 1746 379 1795 et
401 1740 477 1817 quoad
488 1739 582 1815 sarit,
604 1760 704 1820 corpas
726 1759 795 1798 eece.
835 1731 922 1795 ltlcm
938 1730 981 1814 ⁵):
1007 1736 1137 1794 Primum
1155 1754 1207 1793 era

120 1858 242 1914 ponam,
274 1839 343 1917 quid
372 1839 471 1897 Stoicis
499 1840 643 1913 videatur,
676 1852 735 1899 tum
768 1839 862 1897 dmm
892 1839 1054 1897 menam
1084 1836 1208 1896 aalma

123 1940 223 1999 Placet
242 1944 358 2013 nostra,
380 1940 456 2018 qood
478 1941 578 2001 bouum
599 1953 656 2015 est,
687 1961 745 2001 esse
766 1960 883 2019 corpuse
915 1943 984 2019 οαία
1006 1939 1083 2020 quod
1105 1938 1206 2000 ὸοπιαπ

123 2052 172 2114 est,
184 2038 279 2119 fcerit,⁴
302 2042 439 2122 qrticlqnid
453 2042 540 2121 facit,
561 2066 662 2124 corpor
683 2056 731 2105 est.
778 2044 863 2126 (land
884 2044 985 2101 bonum
1003 2053 1054 2115 est,
1078 2042 1206 2122 prodest,-

113 2142 212 2221 sacr'at
232 2154 326 2202 amem
348 2146 456 2227 aliquid
477 2158 593 2229 oportet,
614 2160 645 2209 ot
663 2152 767 2228 praeite
790 2152 816 2207 si
826 2144 913 2225 facit,
934 2165 1035 2225 carpus
1057 2155 1107 2203 est.
1148 2145 1206 2203 Sa·

119 2250 252 2324 pientiam
273 2246 373 2306 bonam
394 2270 453 2311 esse
474 2251 587 2319 dr'cunt5
615 2254 755 2332 seqnitur,
777 2260 808 2309 m
827 2265 936 2307 necesse
954 2249 991 2305 sit
1007 2247 1083 2305 tilam
1105 2265 1206 2325 corpa-

121 2348 210 2407 nalem
233 2370 344 2430 quoque
363 2352 468 2416 dicere.
514 2352 637 2414 Pariter
665 2349 819 2411 contortis
847 2347 1057 2429 aculeatiequs
1083 2344 1206 2426 sophis·

121 2449 256 2511 metibus
278 2463 368 2515 utens
388 2451 478 2518 docet
492 2452 539 2537 ⁶),
571 2456 604 2516 in
627 2453 752 2535 porticu
775 2453 943 2527 iustitiam,
977 2446 1206 2523 lentitudinem,

121 2564 321 2634 caeteraeque
339 2555 471 2620 virtutes
492 2557 638 2618 animalia
659 2575 724 2618 esee
741 2567 772 2616 et
791 2552 926 2634 proinde
945 2571 1087 2633 corpora,
1108 2548 1207 2612 idem·

120 2675 182 2735 que
204 2653 368 2718 dicendum
394 2656 432 2718 de
454 2659 576 2734 animo,
599 2657 637 2719 de
660 2657 795 2732 virtute,
822 2654 861 2716 dc
884 2655 1023 2729 artibus,
1049 2651 1205 2726 devitiis,

119 2757 160 2817 de
183 2759 361 2836 affectibus,
384 2759 422 2822 de
443 2761 606 2822 sententiis
628 2770 660 2822 et
682 2759 943 2838 cogitationibus,
963 2758 1027 2820 ἰπιο
1049 2768 1082 2817 et
1103 2767 1205 2817 tacere

120 2870 153 2920 et
177 2861 336 2923 ambulare
359 2875 390 2926 ct
413 2884 543 2927 coenare
564 2863 711 2924 animalia
732 2882 816 2937 esee,
850 2859 936 2945 qttod
959 2860 1053 2923 etism
1073 2869 1206 2922 testatur

118 2964 306 3028 Plutarchus
322 2964 367 3046 ⁷),
400 2967 521 3030 Stoicos
543 2966 697 3042 irridens,
727 2965 784 3047 qui
805 2985 868 3026 non
890 2962 983 3026 modo
1004 2963 1087 3024 hisce
1110 2961 1205 3022 rebus

119 3086 254 3145 corpora
276 3069 460 3144 tribuerent,
482 3069 536 3132 sed
557 3071 650 3130 etiam
672 3089 708 3128 ea
726 3079 888 3130 censerent
909 3087 974 3129 coac
994 3063 1138 3126 animalia
1155 3083 1205 3122 ra·
1235 3099 1242 3116 ι

120 3169 208 3228 tione
227 3167 378 3245 praedita,
401 3191 457 3231 nec
479 3171 614 3232 virtutes
632 3182 753 3231 tantum
772 3184 802 3231 et
817 3169 905 3242 vitia,
923 3187 959 3228 ac
976 3176 1079 3226 motus
1099 3163 1204 3239 enimi,

120 3277 154 3326 et
175 3266 264 3343 iram,
286 3267 435 3330 invidiam
454 3281 511 3330 etc.
533 3282 565 3329 et
587 3283 680 3346 artes,
701 3271 809 3351 quales
831 3281 904 3330 aurit
926 3269 1096 3342 fabrorum,
1116 3285 1204 3326 aera·

118 3369 258 3446 riorum,
280 3381 440 3450 scutorum,
469 3370 606 3433 dicerent
631 3392 697 3433 esee
719 3371 883 3447 animalia,
913 3369 967 3432 sed
989 3369 1088 3450 ipsam
1110 3367 1204 3429 etiam

118 3473 286 3551 actionem,
307 3476 551 3538 ambulationem
573 3487 658 3557 puta,
681 3474 910 3551 salutationem,
935 3471 1203 3553 compellationem

118 3655 215 3710 Schot.
235 3655 307 3708 Laid.
325 3658 352 3709 in
371 3657 444 3711 tltad.
457 3679 482 3723 α,
498 3660 549 3710 115
568 3651 708 3726 (vatclen.
727 3653 831 3726 Opusc.
847 3654 880 3707 T.
889 3654 920 3708 ΙΙ.
940 3674 966 3727 p.
975 3658 1028 3712 132
1046 3655 1088 3708 ed.
1104 3654 1203 3725 Lipe.):

116 3747 201 3798 τοῦτο
226 3747 322 3812 ἐκίνησε
349 3742 409 3804 taric
432 3742 579 3807 zrazaatlc,
606 3750 650 3796 aui
667 3741 841 3812 Ἀντίπατρον
864 3747 889 3795 iv
906 3747 945 3812 σᾷ
963 3748 1022 3814 aspi
1038 3745 1124 3811 ψυχῆς
1142 3744 1202 3792 διυ-

114 3836 197 3904 cipp,
217 3835 305 3900 iique,
324 3826 365 3884 in
383 3835 535 3892 συναύξεται
552 3836 590 3902 τῷ
608 3834 709 3896 σώμασι
728 3828 744 3902 ἡ
763 3828 843 3901 aule),
860 3838 904 3884 καὶ
921 3833 999 3883 πάλιν
1013 3828 1202 3894 manifestativas]

194 3923 225 3987 1)
247 3919 329 3992 Epist.
348 3925 391 3976 (ib.
684 3923 716 3987 2)
736 3918 820 3974 Acad.
839 3921 860 3986 l,
878 3922 922 3974 11.

194 4011 225 4074 3)
246 4007 287 4062 De
306 4009 373 4080 plac.
394 4009 487 4082 philos.
504 4011 549 4076 lV,
568 4014 611 4062 2⁰.
631 4029 656 4082 p.
675 4012 736 4064 902.

193 4099 226 4162 4)
246 4095 327 4168 Epist.
347 4102 406 4152 too.
683 4100 714 4166 5)
734 4097 816 4171 Epist.
834 4100 895 4153 111.

193 4187 224 4252 6)
244 4182 326 4255 Epist.
344 4189 404 4243 113.
685 4190 718 4256 i)
737 4186 804 4242 Acie.
823 4186 927 4245 Stoicos
945 4205 972 4258 p.
990 4188 1069 4242 11184.
