2984 4825
542 334 584 351 ⁸-
637 322 729 365 ”Vll
780 338 825 351 -·

226 469 305 532 Gale
337 469 476 533 Praelat.
511 472 573 549 „oh
609 470 842 553 philosophiam
877 470 1026 535 inclaruit
1060 470 1232 549 Cornutus,

139 590 285 651 magnum
307 592 437 655 quoque
460 592 575 635 nomen
598 572 738 635 obtinuit
760 572 855 635 etiam
876 576 918 635 oh
945 574 1150 637 amantum
1177 574 1231 635 lit·

139 684 232 739 teres.
275 676 342 735 Dio
364 675 474 737 scribit
495 694 566 737 eunt
587 668 811 757 εὐδοκιμῆσαι
828 676 884 741 inl
897 676 1064 763 nordrip',
1084 689 1117 738 et
1135 676 1232 754 „Fol-

139 778 262 855 gentioa
284 780 447 860 Satyricum
469 788 561 841 rorat
575 774 634 859 *).'’
677 774 783 839 idem:
812 775 1010 855 ,dimplidae
1030 798 1072 839 ex
1086 780 1232 862 Porphy-

136 880 188 943 rio
215 900 276 943 nas
303 879 397 943 docet
422 876 668 941 Athenodorum
689 888 722 939 et
750 876 928 938 connum
954 879 1071 959 oeripta
1096 880 1231 943 edidisse

138 982 291 1045 adversus
306 982 491 1043 Aristotelis
504 978 686 1059 categoriae
696 980 754 1056 **).
789 976 890 1041 Addit
899 978 1080 1061 Simplicius
1090 1002 1232 1062 magnam

136 1096 265 1166 partem
295 1084 402 1163 operia
433 1081 568 1143 Cornuti
593 1092 809 1162 wneunptant
834 1082 932 1143 inisse
956 1083 993 1145 in
1020 1085 1232 1163 explicatione

138 1199 174 1249 et
195 1185 398 1249 distinetione
420 1184 561 1249 rouun·”
603 1184 672 1247 tlon
694 1180 824 1265 quidem
847 1182 963 1246 Stoicis
984 1185 1232 1248 usitatissimum.

137 1289 220 1351 Gale
240 1286 412 1352 ridendum
434 1286 474 1350 iit
495 1284 580 1363 diets,
602 1286 717 1368 quihus
739 1285 941 1349 hommodom
962 1298 1021 1365 nst,
1040 1308 1082 1349 nn
1104 1289 1232 1354 nonsit

136 1422 416 1445 μιμ--ι--ι-ί--ι-

135 1522 234 1597 Suppl.
250 1526 314 1579 tto.
333 1543 361 1596 p.
372 1524 428 1578 198
439 1538 496 1594 seq.
514 1520 561 1575 uhi
574 1520 655 1575 simol
675 1520 819 1588 monitum,
836 1520 961 1575 lihelinm
977 1520 1055 1575 alium
1073 1521 1142 1575 nihil
1159 1520 1232 1576 aliud

135 1630 191 1669 esse
211 1628 293 1685 quarn
311 1615 417 1684 partem
436 1626 508 1683 quae
525 1610 558 1663 sla
577 1608 690 1663 enuntia
707 1620 771 1681 agat
792 1609 926 1681 integrata
951 1612 1044 1683 operis
1065 1610 1100 1663 sla
1122 1612 1233 1664 astartis

135 1700 208 1757 nlo.
225 1700 375 1757 Laurentio
392 1698 473 1773 hyde
490 1698 649 1769 conscripti:
678 1697 757 1753 caius
778 1696 870 1762 editio¹
884 1697 1070 1769 supplementi
1092 1699 1178 1753 'netas
1199 1698 1233 1750 ad

134 1788 282 1845 llasianosn
308 1789 390 1845 totius
413 1786 477 1841 libri
503 1785 554 1841 hac
578 1786 608 1839 in
634 1795 710 1857 parte
735 1785 879 1856 insigniter
896 1785 1000 1851 mutili,
1026 1804 1058 1839 ea
1073 1784 1121 1839 illo
1140 1784 1234 1843 radios

135 1874 216 1931 haur.
227 1864 335 1949 egregie
354 1874 522 1931 restaurandi
540 1872 677 1945 exemplar
694 1872 816 1945 paranda
834 1885 869 1939 et,
889 1885 918 1929 ut
934 1874 1111 1945 promiseram
1124 1873 1233 1928 Auctor.

135 1962 195 2016 Len.
215 1962 265 2019 Gr.
292 1981 403 2037 p.xv11,
429 1963 486 2016 sine
511 1980 587 2015 mora
606 1958 757 2031 rulganda¹
781 1958 845 2013 iicet
862 1960 911 2013 tria
931 1974 1079 2032 quatuorre
1097 1960 1162 2015 solia
1181 1960 1234 2015 int-

135 2070 224 2122 pressa
245 2050 322 2123 prelo
343 2060 405 2105 ante
424 2053 475 2105 tria
495 2051 610 2123 amplius
633 2048 716 2100 lustra
741 2046 797 2099 iarn
820 2048 943 2111 exierint,
967 2049 1095 2119 singulari
1115 2050 1234 2119 quodam

132 2138 180 2191 sati
202 2138 350 2209 iniquitate
369 2136 518 2208 quominus
534 2134 734 2198 ahsoire‘retur,
762 2134 796 2185 ad
814 2133 889 2187 huuc
904 2134 993 2204 ipsum
1011 2136 1082 2186 diem
1101 2134 1234 2206 prohibita

132 2226 197 2278 luit.
232 2224 283 2275 ttta
303 2240 391 2293 quum
409 2222 514 2286 multis,
531 2232 563 2275 ut
581 2220 648 2282 diri,
665 2218 768 2271 abhinc
784 2221 864 2271 annis
879 2220 970 2289 palam
988 2221 1124 2291 professus
1141 2240 1234 2287 aursi,

133 2312 249 2367 illarum
268 2309 421 2365 litterarum
438 2306 564 2366 studiosis
581 2322 678 2377 parum
693 2304 828 2362 coemittit
839 2304 977 2362 lieltherus
988 2321 1074 2379 quum
1086 2306 1117 2361 in
1128 2308 1236 2380 scriptis

129 2401 169 2458 lo.
187 2398 331 2466 Laurentii
349 2397 421 2457 inter
438 2395 582 2470 scriptores
600 2394 658 2450 hist.
667 2394 737 2470 Byr.
757 2415 847 2470 nuper
862 2395 973 2452 edndis
991 2396 1057 2455 sitit
1072 2396 1148 2457 stmt
1166 2417 1233 2471 aga·

130 2503 179 2558 ret,
203 2508 285 2563 quam
306 2497 335 2542 ut
355 2487 456 2542 codicis
475 2484 627 2558 imperfecti
645 2486 810 2560 scripturam
827 2505 857 2538 es
875 2485 946 2540 Hasii
965 2486 1109 2559 exemplari
1129 2486 1231 2542 descri-

130 2577 250 2632 hendam
270 2587 387 2630 curaret.
425 2550 492 2628 iiam
520 2594 590 2646 quae
616 2593 691 2627 nunc
716 2573 745 2626 in
769 2573 859 2628 lucem
877 2575 1039 2648 prodierunt
1056 2586 1186 2645 corrupta
1204 2585 1230 2627 et

129 2685 239 2732 manca,
261 2685 291 2717 ea
311 2673 436 2735 poterant
454 2663 545 2716 omnia
564 2679 594 2714 ex
615 2659 710 2716 codice
729 2661 775 2716 illo
794 2662 835 2714 rel
855 2681 885 2715 er
904 2659 1061 2733 apographo
1080 2679 1143 2713 meo
1160 2661 1231 2713 inte-

128 2775 179 2829 gra
209 2753 288 2808 tradi.
335 2753 477 2807 Praeterea
502 2759 609 2823 praeter
634 2751 859 2822 exspectationem
883 2759 1006 2802 nostram
1031 2765 1117 2801 norae
1143 2765 1233 2818 nuper

130 2864 247 2918 quoque
265 2844 299 2897 ad
316 2843 456 2907 damnum,
474 2839 548 2911 quod
567 2833 766 2904 laurentianus
782 2837 891 2892 liheihts
906 2849 999 2910 pastas
1014 2848 1062 2902 est,
1080 2837 1232 2890 resarcien-

129 2935 196 2990 dam
217 2933 342 2988 inventae
356 2937 418 2986 sunt
436 2929 532 3000 eopiae
549 2928 579 2985 in
596 2927 657 2982 ond.
672 2925 808 2992 Britan„
827 2943 859 2981 en
876 2943 933 3002 quo
950 2921 1083 2996 Broerpta
1102 2923 1137 2978 ad
1155 2922 1229 2979 illam

129 3023 223 3096 operia
240 3033 345 3094 partem
365 3018 479 3076 maxime
497 3015 662 3090 pertinentia
681 3013 765 3070 edidit
782 3013 930 3082 (itamaros
945 3011 1051 3064 hosed.
1066 3009 1117 3062 Gr.
1135 3010 1168 3061 Τ.
1187 3009 1231 3064 lli.

129 3131 204 3167 anno
224 3122 287 3165 ante
306 3106 417 3164 Belleri
435 3109 583 3164 editionem
602 3105 708 3172 emisso,
729 3121 757 3174 p.
767 3104 834 3166 tot,
851 3100 945 3154 suturo
959 3097 1056 3150 editori
1070 3094 1141 3146 hand
1155 3114 1231 3164 sper-

130 3197 230 3265 nenda,
249 3197 283 3251 de
304 3197 402 3270 quihus
421 3197 484 3250 alias
503 3215 593 3250 sermo
613 3193 685 3261 erit]

205 3287 228 3355 ')
247 3286 317 3355 [Hac
335 3285 368 3338 de
387 3303 416 3338 re
435 3283 505 3337 inira
527 3283 654 3354 dicetur]
870 3347 875 3361 .

190 3375 230 3444 ¹⁸)
248 3373 304 3443 [De
324 3371 365 3426 hia
384 3390 475 3446 supra.
521 3371 635 3425 Videtur
654 3369 795 3424 Cornutus
819 3375 845 3419 et
870 3361 922 3418 alia
949 3360 1081 3435 quaedam
1109 3353 1229 3430 philoso-

128 3464 208 3538 phica
226 3463 378 3533 scripsisse,
408 3459 631 3534 quandoquidem
657 3456 790 3512 sententia
814 3454 874 3507 eius
896 3451 931 3505 de
950 3447 1153 3505 immortalitate
1167 3449 1230 3501 1ιί-

128 3571 191 3607 mae
210 3571 227 3602 a
244 3550 392 3602 Iamblicho
411 3551 440 3604 in
459 3549 569 3604 Stobaei
588 3547 646 3602 Ect.
671 3545 747 3619 phys.
766 3563 794 3616 p.
808 3545 862 3598 ⁹22
880 3540 961 3594 Beer.
986 3538 1082 3594 tradita
1106 3539 1229 3590 cerleio

127 3643 203 3698 libro
223 3637 371 3692 denatura
389 3637 501 3690 deorum
519 3655 576 3692 nnn
595 3635 740 3708 reperitur.
778 3631 870 3698 Quem
887 3629 981 3683 locum
999 3645 1086 3697 quom
1105 3624 1229 3678 nonnulli

127 3730 162 3784 ad
182 3722 360 3782 Platonicum
380 3721 570 3791 unusquam
589 3723 744 3778 Cornutum
762 3718 867 3770 reterre
885 3713 1048 3777 maluerint,
1067 3712 1167 3766 erroris
1183 3733 1229 3768 eos

127 3815 276 3872 Martinius
293 3835 321 3886 p·
336 3816 371 3870 66
390 3831 425 3868 ee
443 3809 576 3880 coarguit,
595 3811 667 3882 quod
688 3807 826 3880 placitum
836 3803 918 3865 illud,
936 3819 994 3871 quo
1012 3798 1130 3852 animam
1147 3799 1227 3854 simul

129 3923 195 3962 oum
213 3918 331 3975 conpore
349 3899 463 3958 interire
482 3898 611 3963 donetur,
629 3917 646 3952 a
661 3895 817 3951 stoicorum
836 3887 960 3944 doctrina
978 3889 1089 3944 minine
1107 3889 1226 3944 ulisnm

129 3993 219 4047 suerit.
255 3991 350 4063 Neque
375 3989 453 4045 aliter
473 3997 590 4044 statuere
614 3983 658 4038 isti
683 3989 825 4053 poterant,
851 3977 897 4050 qui
916 3995 1018 4049 eorpus
1031 3995 1089 4032 esse
1107 3975 1226 4030 animam

130 4092 286 4147 conserente
310 4081 385 4153 quud
404 4076 552 4152 Chrysippi
566 4086 594 4132 et
610 4067 732 4129 Zenonis
749 4076 895 4125 sectatores
909 4067 1044 4125 eenmuse
1062 4063 1135 4118 idem
1154 4063 1228 4113 lam·

130 4171 237 4225 strenus
252 4171 272 4224 t.
290 4170 308 4224 t.
328 4189 354 4241 ρ.
373 4172 426 4224 stt
445 4166 543 4234 matt]
