2984 4825
718 272 956 335 -520-

294 446 384 515 sisoi
409 441 636 531 πεπυρωμένα
658 442 781 529 φησίν,
812 453 845 503 et
865 437 983 501 ibidnn
1001 434 1197 499 Xenomates
1217 432 1376 529 contendit

294 553 330 615 έν
351 547 462 631 νεφῶν
483 544 734 629 πεπυρωμένων
754 542 983 611 συνίστασθαι
1004 535 1089 613 ταῶς
1108 532 1262 623 αἀυέρας.
1303 538 1376 601 ΡΙα-

295 651 420 711 tarchus
441 649 510 711 loeo
530 666 625 727 supra
646 644 773 709 laudato
791 644 818 729 1)
839 636 983 722 addit,*
958 664 982 726 η
1002 640 1106 726 νέφος
1120 641 1377 726 πεπυρωμένον

294 754 425 816 Mallem
447 756 482 817 is
504 750 616 830 seoda
637 748 890 833 πεπυρωμένων
900 743 948 831 2),
971 754 1005 808 ut
1029 743 1181 805 Stobaaus
1195 737 1308 828 ⁵)2'*
1271 764 1377 814 πονο·

297 853 407 940 φάνης
437 858 470 919 ἐν
502 852 613 935 νεφῶν
646 848 898 935 πεπυρωμένων
927 848 1016 917 εἶναι
1048 840 1109 913 ads
1137 842 1249 929 ἥλιον.
1291 844 1376 912 Idem

295 959 507 1039 Xenophanes
519 952 549 1039 4)
572 952 656 1035 apud
678 952 812 1017 eundem
833 946 1048 1036 stobaeumb
1069 960 1153 1013 astra
1173 966 1302 1030 quoque
1323 972 1377 1031 pa·

295 1062 376 1125 riter
395 1070 486 1142 putat
507 1076 573 1143 esse
591 1062 625 1121 ἐν
647 1056 760 1140 νεφῶν
778 1038 1032 1138 ἒαπυρυμένῶν.
1074 1052 1126 1115 δίο
1144 1064 1178 1114 et
1196 1050 1283 1132 apud
1302 1073 1378 1113 eun·

297 1163 367 1227 dem
385 1140 554 1225 Stobaeum
567 1158 778 1221 Anaximenes
800 1168 831 1221 et
847 1158 1013 1240 Antiphon
1032 1148 1175 1240 πυρινῶν
1196 1156 1269 1240 πῶρ
1288 1154 1378 1218 dixe-

297 1278 373 1330 runt
386 1267 495 1342 solem,
515 1275 546 1325 et
564 1263 757 1325 Xenocrates
769 1258 798 1347 ⁶)
816 1258 1052 1337 Chalcedonius,
1066 1258 1275 1340 Agathonoris
1287 1257 1379 1335 lilius,

298 1368 348 1431 oui
364 1368 463 1429 multa
480 1366 649 1445 sublegisse
665 1364 782 1427 ibidem
801 1364 950 1427 dicuntur
963 1364 1074 1442 Stoici,
1092 1360 1263 1439 contendit,
1284 1371 1380 1430 θεῖον

298 1470 385 1536 εἶναι
402 1468 459 1535 να)
482 1468 544 1533 οόν
561 1460 724 1551 ου’ρανὸν,
746 1468 802 1535 να)
818 1459 897 1543 ταῶς
910 1465 1052 1551 ἀστέρας
1069 1462 1231 1550 πυρῶδπς
1245 1457 1381 1550 Ὀλυμ·

299 1570 400 1643 πέους
421 1566 537 1641 θεούς.

389 1668 535 1737 Vidimus
557 1670 654 1750 igitur
675 1672 772 1735 solens
793 1691 859 1733 esse
880 1670 1078 1749 animantem,
1096 1669 1265 1759 ἔμψυχον,
1286 1671 1382 1731 nteit

299 1774 383 1858 apud
409 1775 592 1839 Ciceronem
608 1774 637 1858 ⁷)
657 1775 776 1837 Balbus
800 1772 945 1855 Stoicus,
973 1776 1031 1859 qui
1055 1794 1151 1855 snpra
1172 1772 1291 1837 ibidem
1309 1794 1382 1836 eum

305 1934 590 1950 —ffl

373 2027 403 2096 1)
422 2027 464 2081 De
484 2028 550 2101 plac.
570 2026 632 2099 phil.
651 2028 684 2096 ll,
703 2032 747 2082 2⁰.
766 2049 792 2102 p.
809 2030 862 2083 889
880 2038 906 2082 et
923 2029 985 2082 890.

374 2116 405 2185 5)
424 2114 576 2185 [Villoisoni
596 2116 779 2171 coniecturam
798 2116 904 2191 egregie
922 2114 1012 2170 firmat
1037 2111 1097 2170 eod.
1113 2113 1199 2169 Paris.
1214 2112 1278 2185 lieg.
1295 2116 1386 2182 2845,

301 2204 334 2259 de
353 2224 408 2279 qno
426 2204 489 2258 alibi
508 2204 617 2272 dicam]

372 2292 402 2363 3)
420 2292 477 2347 Eel.
498 2290 572 2365 pbys.
591 2313 617 2364 p.
635 2296 679 2348 55.

376 2380 408 2452 4)
426 2380 476 2434 llic
494 2381 621 2454 qnoniam
640 2381 814 2456 Xenopbanis
829 2398 929 2438 nomen
949 2381 1084 2450 occursu,
1101 2378 1243 2436 occasione
1260 2378 1326 2436 data
1343 2400 1389 2436 se·

301 2489 359 2525 ram
379 2481 405 2524 et
422 2471 568 2542 genuinam
587 2469 624 2523 itti
643 2473 819 2540 sententiam,
837 2491 906 2545 quae
923 2491 939 2525 ο
956 2470 1065 2526 Stobaei
1084 2469 1223 2526 codicibus
1240 2469 1389 2534 exciderat,

303 2557 377 2630 quasi
401 2554 460 2612 iure
479 2557 634 2630 postliminii
655 2559 813 2616 vindicatam
838 2561 997 2628 reddamus,
1025 2573 1051 2615 et
1076 2561 1114 2614 sio
1135 2557 1254 2613 eiusdem
1276 2557 1390 2612 Stobaei

302 2645 427 2702 lacunam
447 2647 598 2721 expleamus
617 2670 669 2723 ope
686 2651 746 2705 eod.
764 2651 829 2722 Reg.
847 2653 934 2716 2120,
963 2647 1009 2721 qui
1028 2647 1136 2704 Stnbaei
1153 2646 1273 2718 Eclogas
1298 2645 1392 2719 pbysi-

302 2753 345 2791 cas
362 2735 397 2788 its
418 2735 547 2805 eontinet,
566 2748 595 2791 nt
613 2737 645 2790 ad
664 2737 737 2792 bunc
754 2736 923 2792 utilissimum
940 2749 1078 2791 auctorem
1095 2734 1303 2790 emendandum
1319 2736 1393 2790 band

302 2839 399 2894 parum
418 2823 451 2874 ab
470 2841 502 2875 en
521 2823 608 2878 ausilii
628 2826 833 2897 exspectandum
851 2826 890 2880 sit.
926 2825 1007 2898 Apud
1021 2825 1168 2879 stobaeum
1183 2825 1290 2897 legitur
1302 2829 1394 2900 pai:

304 2908 348 2977 [T.
367 2909 389 2962 l.
413 2928 440 2980 p.
461 2913 528 2976 294,
554 2911 600 2964 ubi
619 2911 699 2966 babes
717 2914 910 2968 Villnisoniana
927 2916 962 2968 ab
981 2913 1115 2968 lleerenio
1131 2915 1289 2986 occupata]
1313 2915 1395 2969 Ξενο-

303 2994 385 3069 φάνης
404 2997 556 3051 συνιστάνον
573 2995 604 3051 sd
623 3003 674 3052 πᾶν
690 3003 716 3054 is
735 3006 784 3054 τοῦ
799 3001 862 3068 lade,
882 3009 926 3056 noi
938 3005 986 3056 τοῦ
999 3001 1115 3067 demina,
1132 2999 1240 3058 ῶένναον
1258 3000 1312 3074 τήν
1328 2997 1397 3072 vilse

303 3082 479 3151 αἰνιττόμενος
503 3086 549 3142 dui
572 3092 621 3143 τοῦ
645 3092 775 3164 πλήθους.
818 3092 850 3146 ln
873 3091 925 3147 boc
950 3091 1064 3146 arficulo
1088 3111 1139 3164 pro
1164 3088 1336 3162 Ξενορᾶνφς,
1363 3093 1397 3146 ad

304 3196 385 3250 quem
409 3177 475 3232 nibil
501 3177 544 3234 bie
568 3179 695 3252 pertinet,
722 3181 782 3252 lege
801 3179 960 3251 Ξενοκράτης
982 3199 1045 3234 cum
1065 3177 1124 3233 cod.
1140 3179 1226 3252 Regio
1251 3191 1281 3234 et
1306 3180 1397 3233 allum

303 3265 508 3337 subsequentem
527 3265 687 3332 articulum,
717 3267 763 3338 qui
786 3267 939 3323 immediate
962 3267 1033 3322 intra
1055 3265 1195 3322 libentium
1214 3259 1399 3322 festinantem

303 3352 443 3424 effugerat,
461 3355 500 3407 sie
514 3373 621 3408 revoca:
642 3352 787 3424 Ξενοφάνης
801 3352 885 3427 α’ρχήν
902 3361 954 3409 τῶν
972 3351 1077 3410 nin-v
1094 3349 1159 3408 alvus
1175 3349 1225 3424 τήν
1242 3357 1307 3424 γῆν.
1328 3355 1400 3427 ygni-

304 3459 344 3502 ρει
361 3437 412 3510 reio
430 3445 456 3492 έν
474 3443 513 3508 τῶ
530 3447 587 3513 περὶ
606 3439 717 3503 utinense·

418 3531 444 3580 le
462 3531 510 3598 γῆς
527 3527 579 3600 νῶρ
597 3525 631 3582 τῶ
650 3526 752 3592 πάντα,
769 3533 815 3582 sol
830 3529 867 3588 eie
882 3531 931 3600 γῆν
949 3531 1034 3584 πάντα
1050 3531 1173 3600 τελευτᾷ,

304 3616 332 3670 in
352 3635 511 3688 quorem,
531 3629 559 3670 ut
579 3628 693 3670 metrum
712 3630 823 3687 constet,
842 3615 907 3672 tolle
925 3614 976 3688 ydg
994 3636 1040 3669 seu
1059 3617 1148 3687 potius
1166 3614 1210 3670 τῶ.
1256 3621 1406 3688 [Praestat

304 3703 428 3760 lleerenii
443 3705 585 3778 scriptura,
603 3708 727 3764 codicum
740 3709 905 3772 auctoritate,
924 3715 955 3758 ut
966 3704 1078 3772 ridetur,
1095 3715 1252 3773 sustentata,
1270 3713 1303 3760 ln
1319 3717 1406 3778 μίςς

303 3815 332 3848 τε
348 3792 384 3847 τῶ
402 3795 497 3849 πάντα.
542 3793 667 3858 Ceterum
691 3795 866 3868 Xennpbaois
893 3813 994 3848 nomen
1021 3793 1118 3864 passim
1143 3813 1160 3850 a
1183 3794 1311 3852 librariis
1339 3819 1411 3854 cor·

304 3895 414 3954 ruptum
433 3883 500 3937 suits
528 3883 647 3956 exempla
670 3885 774 3940 dabunt
798 3883 923 3938 Dindorl.
948 3881 982 3935 ad
1006 3881 1151 3936 llerodian.
1174 3889 1234 3954 περὶ
1256 3905 1328 3946 μου.
1356 3890 1410 3945 lai..

304 3991 331 4043 p.
348 3987 390 4023 xxa
408 3981 434 4024 et
451 3970 597 4042 Goettling.
617 3971 644 4024 in
664 3971 775 4044 prem.
793 3971 843 4026 tiu.
862 3971 966 4026 liniens
985 3973 1064 4027 1844.
1079 3991 1125 4026 no.
1143 3975 1169 4028 5.
1187 3992 1215 4044 p.
1226 3976 1293 4042 44]

376 4062 408 4126 5)
426 4057 483 4114 Ed.
502 4059 578 4132 pbys.
597 4080 622 4131 ρ.
642 4061 686 4114 54.
872 4062 903 4128 5)
923 4059 993 4114 lbid.
1010 4078 1032 4114 c.
1050 4063 1077 4114 4.
1097 4079 1123 4133 ρ.
1140 4063 1166 4116 5.

375 4145 686 4214 nfflNstffiffi
