2984 4825
686 290 922 333 -ΧΠ-

341 434 455 509 Patren
491 450 620 510 restant
655 434 893 535 superioribus
924 436 1077 512 demea
1110 440 1344 544 qualicunque

267 537 431 635 operain
462 534 531 610 hoc
554 536 644 611 libro
672 538 915 613 concinnando
946 538 1151 615 adiicienda.
1208 545 1343 620 Etenim

262 636 299 711 in
318 636 376 712 tali
395 637 573 739 scriptore,
598 637 708 739 qualis
727 638 900 716 Cornutus
918 658 979 729 cst,
1005 642 1151 732 edendo,
1177 648 1237 745 qui
1256 666 1344 723 tam·

263 736 323 813 diu
352 740 456 816 iacuit
483 739 688 839 neglectusp
708 758 740 815 et
766 770 866 843 quem
894 745 1015 817 iterum
1040 744 1086 818 it'a
1111 773 1189 820 mor
1213 749 1342 824 editum

261 841 305 913 iri
326 842 380 915 rix
402 842 565 919 credibile
591 862 652 932 est,
672 867 786 921 meum
808 871 882 919 esse
908 863 1013 934 ratus,
1040 863 1079 921 nt
1099 875 1192 947 quae
1216 850 1343 927 intacta

260 942 471 1019 Villoisonus
496 945 688 1045 reliquisset
712 948 914 1046 pracsertim
942 976 982 1021 ex
1008 949 1062 1040 iis,
1111 976 1176 1023 uae
1201 957 1279 1027 aV.
1301 954 1342 1027 D.

262 1046 309 1121 ad
342 1064 533 1123 contextum
562 1046 752 1123 uerborum
787 1048 1025 1146 refingendum
1059 1078 1101 1125 su
1128 1051 1209 1127 inde
1241 1053 1342 1129 allata

260 1167 383 1234 essent,
408 1148 528 1223 sedulo
545 1147 745 1246 colligerem
773 1152 888 1226 omnia
915 1149 1020 1250 inque
1045 1179 1145 1227 usum
1169 1173 1341 1231 converte-

262 1279 346 1339 rem,
371 1250 435 1326 seri
464 1250 681 1351 quodrpotui
706 1250 865 1329 studiose.
885 1267 916 1325 et
941 1252 986 1325 ita
1010 1254 1161 1353 quidem
1192 1274 1230 1331 ut
1253 1285 1341 1358 quoe

260 1352 306 1427 ad
342 1351 483 1427 Cornuti
521 1352 672 1429 libellum
711 1351 762 1429 rel
793 1353 1041 1430 restituendum
1079 1355 1129 1429 vel
1169 1357 1340 1458 explicans

259 1456 342 1531 dum
369 1468 486 1531 notata
512 1454 703 1544 rescirem
728 1454 759 1531 si
784 1456 889 1532 modo
916 1456 1064 1535 fructum
1091 1457 1339 1560 aliquantillum

259 1557 404 1633 allatura
427 1556 642 1645 viderentur,
667 1579 888 1657 apponerem.
939 1557 1165 1659 Quapropter
1186 1588 1230 1635 ne
1256 1564 1340 1663 quid

256 1660 293 1735 in
317 1660 381 1733 hnc
408 1658 559 1735 editione
580 1658 835 1736 desideraretur
858 1688 878 1733 a
905 1659 1041 1736 rumoso
1069 1660 1212 1751 lectore,
1236 1693 1259 1738 a
1288 1692 1340 1739 mc

256 1780 618 1960 illidii‘liii'ii
640 1762 1244 1951 titttm⁰¹253323235¹ttt⁰ttttt
1265 1794 1340 1941 tt:

258 1967 344 2041 vatis
363 1978 508 2067 quoquo
534 1966 610 2041 loco
638 1964 787 2041 auctoris
812 1964 944 2049 verbis,
974 1964 1038 2037 sed
1066 1964 1117 2040 rel
1146 1969 1341 2057 contractis,

256 2068 308 2143 vel
330 2067 450 2143 leniter
463 2066 621 2141 mutatis.
673 2067 851 2142 Postremo
866 2065 1074 2154 notandum,
1099 2068 1139 2141 in
1152 2066 1237 2143 locis
1255 2071 1340 2141 Cor·

257 2170 332 2247 nuti
359 2168 506 2245 citandis
534 2168 689 2243 Galean'a
723 2166 874 2241 editione
906 2166 1074 2241 utendum
1108 2169 1193 2241 milri
1223 2170 1341 2259 fnisse,

258 2273 356 2347 cuius
388 2271 533 2371 paginas
566 2268 601 2341 in
636 2268 793 2364 margine
827 2267 1039 2343 exhibendas
1071 2271 1204 2357 curavi,
1239 2289 1340 2371 atque

258 2371 319 2453 ubi
343 2374 380 2446 in
404 2368 625 2449 adnotatione
649 2370 770 2447 critica
791 2396 869 2450 cnm
888 2367 1078 2446 Villoisono
1097 2371 1339 2470 compendiose

257 2481 357 2552 Eud.
381 2473 588 2575 scripserim,
614 2470 811 2573 superiores
832 2471 1001 2546 editiones
1019 2473 1279 2561 consentientes,
1303 2474 1339 2558 in

258 2576 379 2681 primis
404 2605 484 2652 vero
510 2574 697 2650 Galeanam
726 2572 882 2673 intelligi.
939 2575 1057 2649 Restat
1091 2575 1273 2664 adnotare,
1311 2576 1359 2652 si,

258 2679 397 2783 quidem
424 2679 478 2754 hic
501 2678 588 2752 liber
610 2704 650 2776 erp
676 2676 839 2750 manibus
863 2676 991 2751 nostris
1017 2675 1133 2777 paullo
1157 2676 1342 2751 correctior

258 2813 352 2858 nunc
385 2781 521 2883 prodit,
558 2780 596 2854 id
620 2778 752 2854 Alberti
780 2779 888 2867 Lino,
924 2777 1015 2852 Phil.
1039 2780 1102 2854 Dr.
1136 2779 1341 2876 Gottingen.

257 2887 324 2972 sis,
358 2912 427 2984 qua
451 2881 663 2985 provinciam
691 2881 759 2956 sibi
792 2879 1054 2969 demandarem,-
1078 2879 1244 2981 'plagulas
1268 2883 1341 2971 sin-

256 2987 355 3087 gulas
388 2987 563 3062 erroribus
595 3011 778 3085 operarum
809 2979 1045 3072 maculandi,
1082 2982 1341 3072 administrarit,

259 3089 456 3187 diligentiae
482 3087 620 3176 deberi,
655 3086 710 3160 cui
734 3098 785 3158 'eo
816 3084 962 3158 maiores
993 3111 1013 3158 a
1038 3111 1093 3161 me
1124 3087 1252 3184 gratiae
1279 3086 1341 3160 ha·

257 3192 515 3278 hordaceum,
551 3218 620 3290 qno
647 3189 683 3261 in
710 3185 1009 3262 observationibus
1034 3185 1110 3260 aliis
1132 3187 1340 3288 quibusdum

259 3295 372 3366 bonae
396 3291 487 3388 frugi
515 3291 710 3366 humaniter
732 3316 866 3366 mecum
898 3289 1196 3364 communicandis
1223 3319 1340 3390 prom-

260 3391 452 3567 PdwrSdrilii
474 3491 597 3566 Gissae
622 3491 813 3568 Februario
840 3508 982 3569 exeunte
1007 3436 1283 3566 mmmm·

639 3811 973 3844 a*-
