2984 4825
679 352 720 366 ⁸¹·
766 340 844 383 txrt
910 356 954 369 ·-

281 484 511 560 grammaticum
532 486 667 568 vixisse,
687 511 781 573 quem
804 491 872 554 iure
893 512 954 573 pro
975 493 1189 557 commentarii
1211 492 1359 575 perpetui

280 600 405 649 auctore
419 590 528 651 bsberi
544 611 635 672 posse
651 594 718 655 veri
734 616 829 677 quam
848 595 983 657 monime
998 596 1099 657 simile
1114 596 1166 673 sit,
1179 596 1265 657 illam
1281 616 1360 658 vero

280 690 467 752 scholiorum
488 706 630 773 partem,
658 716 738 778 quae
760 699 968 781 antiquiorem
991 698 1143 778 originem
1167 698 1295 779 prodat,
1318 719 1358 760 ex

278 793 398 853 Valerii
420 796 515 859 Probi
536 796 714 879 berytensis
739 800 932 879 grammatici
960 799 1192 861 commentariis
1219 802 1295 863 olim
1324 800 1359 861 in

278 894 417 957 Persium
440 899 564 981 seriptis
582 903 752 963 subleetam
772 924 848 965 esse.
890 904 975 964 iisse
991 914 1037 965 est
1051 924 1171 964 summa
1183 903 1359 965 sententies

278 1016 295 1057 s
318 999 427 1061 laltnio
450 1002 645 1084 propositae,
667 1005 815 1085 speciosis
837 1004 964 1087 quidem
986 1025 1059 1066 sane
1081 1006 1270 1083 argumentis
1291 1026 1360 1067 sus·

279 1110 433 1179 tentatae,
464 1124 522 1163 nec
551 1115 655 1164 tamen
680 1118 741 1165 tent
772 1108 937 1185 gravibus,
969 1120 1005 1167 ut
1026 1129 1044 1166 n
1066 1091 1188 1187 sulpuri
1208 1107 1359 1188 opinione

278 1202 345 1264 sine
374 1222 462 1264 mosa
491 1202 649 1267 discedere
680 1226 836 1286 cogamur.
886 1209 991 1289 Atque
1020 1208 1154 1287 proinde
1184 1232 1202 1270 a
1234 1210 1358 1271 nemina

278 1324 339 1365 nun
363 1305 568 1385 intelligitur,
597 1330 694 1390 quum
720 1330 785 1371 non
813 1308 908 1371 modo
932 1310 1118 1391 simpliciter
1143 1312 1278 1375 Cornuti
1299 1313 1358 1373 ali·

278 1406 380 1483 estius,
411 1408 465 1469 sed
489 1410 608 1471 Annaei
632 1410 783 1486 Cornuti,
812 1424 845 1473 et
871 1410 997 1494 quidem
1026 1413 1070 1474 ita
1093 1426 1128 1475 ut
1150 1416 1355 1495 philosophus

276 1510 439 1591 Persiiqua
467 1512 615 1591 magister
642 1512 853 1592 signifioetur,
882 1514 1009 1575 nomine
1035 1518 1275 1580 commentarius
1296 1517 1355 1578 ista

277 1610 309 1673 iu
339 1614 488 1693 plurimis·
513 1613 669 1677 codicibus
694 1616 906 1694 inscribatur,
939 1616 994 1677 sed
1023 1617 1117 1678 etiam
1148 1619 1247 1681 Persii
1274 1620 1357 1679 ltuno

278 1716 457 1795 magistrum
481 1717 512 1777 in
536 1716 681 1799 discipuli
700 1718 807 1780 satiris
826 1716 993 1798 vulgudis
1010 1718 1263 1803 adornandisque
1277 1730 1357 1801 'ope-

278 1838 343 1879 ram
370 1816 492 1880 dedisse
519 1820 594 1880 satis
620 1839 780 1902 superque
803 1832 941 1896 eomtst,
971 1822 1051 1883 bone
1076 1836 1219 1885 aeterum
1243 1825 1356 1885 lumem

278 1942 345 1999 non,
365 1941 455 2001 poete
477 1920 568 1982 aliter
594 1921 707 2003 repelli
736 1942 831 2005 quous
859 1920 1120 2000 demonstrando,
1149 1927 1200 1986 vel
1226 1926 1357 1987 Annseo

278 2024 419 2085 (kt-nuto
447 2026 702 2090 commentarium
733 2043 863 2105 prorsus
889 2044 956 2085 esse
974 2023 1161 2103 indignum,
1192 2027 1244 2085 rel
1265 2047 1357 2105 argu-

278 2138 391 2203 ments,
414 2126 528 2208 quibus
548 2128 806 2189 commentorium
829 2126 998 2187 recentiori
1018 2126 1160 2188 Cornuto
1176 2124 1358 2189 adscriben-

279 2228 353 2291 dum
377 2250 441 2291 esse
462 2232 633 2310 probetur,
661 2230 740 2293 tanti
761 2250 828 2291 esse
849 2229 1016 2307 momenti,
1041 2241 1076 2290 ut
1097 2229 1160 2291 nisi
1181 2230 1237 2314 qni
1257 2231 1357 2311 perti·

280 2350 353 2393 noce
367 2344 469 2393 mente
482 2333 610 2395 omnino
627 2335 721 2396 luerit
737 2334 878 2415 ipsorum
891 2330 1032 2415 pondere
1047 2351 1109 2394 non
1122 2332 1357 2415 persuadeatur.

278 2439 340 2498 lam
363 2433 447 2516 quod
471 2437 575 2514 primo
597 2438 666 2498 loco
689 2438 790 2517 posui,
817 2434 848 2496 id
872 2456 968 2518 quum
990 2456 1031 2496 ax
1052 2433 1100 2511 iis,
1121 2455 1202 2516 quse
1223 2434 1262 2496 da
1281 2435 1356 2495 illo·

277 2557 345 2598 rum
374 2535 565 2598 aeltoliorum
597 2537 704 2599 indole
734 2539 767 2599 in
796 2539 1012 2620 superioribus
1039 2537 1131 2597 allato
1164 2547 1254 2613 sunt,
1286 2548 1355 2598 tum

279 2639 412 2703 maxime
442 2659 481 2702 ex
510 2641 579 2722 ipso
608 2642 708 2704 labnii
736 2642 930 2704 confessione
952 2639 1025 2702 satis
1046 2637 1246 2719 profligatum
1266 2637 1356 2700 vide·

279 2757 349 2818 tur,
370 2756 405 2807 ut
428 2743 508 2806 nillil
530 2742 602 2804 addi
626 2763 704 2826 opus
725 2743 778 2805 sit.
821 2744 903 2805 Nam
925 2764 1022 2825 quum
1044 2743 1112 2823 ipse
1133 2740 1249 2803 diserte
1270 2740 1356 2802 ollis·

281 2849 390 2922 morit,
419 2846 572 2909 insessio
596 2848 721 2910 scltoliis
742 2848 911 2924 nonnulla,
940 2867 1021 2928 quas
1043 2847 1081 2907 ab
1103 2845 1236 2928 antiquo
1255 2865 1356 2924 gram·

279 2949 390 3011 stratico
406 2948 764 3042 neeessartopeperonds
781 2947 958 3028 uideantur,
981 2950 1060 3010 nibil
1082 2967 1205 3010 causms
1226 2960 1274 3009 est
1291 2966 1354 3030 quo

279 3052 380 3114 miuus
408 3072 474 3113 eam
502 3054 689 3116 scholiorum
720 3050 948 3128 conditionem,
976 3071 1068 3133 quom
1091 3070 1187 3131 supro
1209 3049 1355 3131 exposui·

278 3177 355 3233 mus,
380 3155 528 3237 citiusque
551 3155 703 3216 rationem
726 3166 759 3213 et
781 3153 931 3232 originem
953 3154 987 3214 in
1009 3151 1155 3234 plurimis
1176 3152 1243 3214 eius
1264 3171 1356 3229 gene·

278 3259 321 3318 ris
344 3259 573 3320 commentariis
597 3258 768 3318 obtinuisse
796 3253 879 3316 idem
907 3256 1033 3317 labnius
1061 3277 1093 3335 p.
1117 3275 1190 3316 cxiv
1218 3256 1355 3332 ognovit,

277 3381 342 3421 essa
372 3383 527 3440 negemus.
579 3359 638 3422 cui
665 3361 838 3424 sententiae
865 3371 991 3440 prostes
1017 3357 1090 3418 illos
1120 3354 1205 3416 viros
1234 3354 1355 3430 doctos,

277 3480 356 3544 quos
385 3481 479 3542 supra
508 3466 766 3544 commemoravi,
796 3463 875 3525 alios
901 3479 1028 3544 quoque
1055 3456 1228 3519 adhaesisse
1256 3469 1355 3538 atquo

276 3566 332 3626 bos
355 3563 439 3624 inter
456 3564 645 3630 Creuzerum
665 3589 801 3654 quoque,
823 3587 917 3651 quem
939 3561 1069 3626 lionoris
1089 3579 1196 3622 osussa
1217 3563 1356 3640 appello,

275 3670 398 3734 monuit
419 3665 501 3732 idem
528 3689 559 3749 p.
575 3689 660 3735 cxiv.
703 3671 791 3749 Quae
813 3691 910 3755 quum
930 3669 975 3730 ita
995 3667 1072 3744 sint,
1094 3663 1135 3726 de
1155 3664 1283 3727 alterius
1303 3686 1355 3725 ar-

276 3777 425 3852 gumenti,
448 3771 532 3857 quod
555 3777 656 3856 posui,
683 3777 837 3855 gravitate
859 3770 1084 3859 quaerendum,
1105 3780 1137 3828 et
1158 3767 1263 3847 primo
1284 3767 1355 3850 qui·

277 3869 346 3930 dem
369 3873 407 3932 do
432 3879 532 3939 altero
554 3877 696 3942 Cornuto
718 3879 790 3957 illo,
821 3899 914 3959 quem
936 3875 1062 3938 lulinius
1084 3870 1144 3932 sihi
1167 3868 1277 3948 finxit,
1305 3870 1355 3930 iu·

277 3973 377 4030 niore.
421 3976 525 4053 Atque
548 3983 644 4042 totius
672 3981 950 4059 argumentationis
978 3976 1215 4040 fundamentum
1241 3973 1356 4035 nititur

277 4091 330 4150 eo,
354 4071 439 4155 quod
464 4075 517 4152 qni
539 4077 572 4134 in
594 4081 698 4141 codiee
721 4079 857 4164 quodam
880 4083 958 4142 bibl.
978 4077 1147 4141 Bernensis
1168 4089 1355 4138 commenta·

277 4177 342 4236 rius
363 4175 394 4236 in
417 4171 595 4236 iuvenalem
619 4181 801 4263 exlsibetur,
826 4203 918 4266 quem
941 4183 972 4245 in
997 4181 1107 4245 eodem
1130 4180 1278 4242 continuo
1300 4201 1356 4242 ex·
