2984 4825
654 346 936 389 -utt-

252 492 499 557 eccu'eeverimue
524 492 609 575 ipsi,
635 513 707 555 eum
738 504 842 555 umen
867 492 939 555 heic
960 493 1030 554 loci*
1045 492 1113 557 sine
1138 494 1267 557 censure
1289 496 1339 559 di·

252 594 440 660 mittendum
463 607 619 677 putamus,
642 614 680 657 co
702 592 789 676 quod
810 590 850 660 td
869 591 1084 681 ἀναιρεῖσθαι
1105 616 1171 659 nou
1191 597 1231 660 sd
1252 620 1337 661 mor-

253 712 316 766 tem
340 710 480 774 tautum,
514 696 568 763 red
599 695 639 759 ad
661 696 792 759 exilirun
815 698 1076 782 quoque'relerri
1097 716 1209 779 possm
1241 721 1336 780 supro

254 802 547 867 demonstravimus.
592 798 739 863 Ceterum
764 817 837 863 cuns
860 804 969 882 plures
991 802 1124 864 Cornuti
1144 801 1230 883 opud
1251 812 1338 866 vete·

253 928 304 969 ree
326 916 500 983 occurrent,
522 903 645 966 Stoicus
667 925 685 965 e
707 904 840 985 reliquis
860 916 1004 967 accurate
1024 902 1260 984 distinguendus
1279 916 1336 967 est.

254 1007 347 1085 Quod
368 1007 482 1072 leviori
504 988 715 1067 lortelehorc
740 1004 846 1085 fieret,
876 1007 903 1069 ei
931 1006 1024 1069 hodie
1046 1009 1200 1087 legeretur
1223 1010 1340 1071 Cornuti

253 1116 384 1190 Ιιίοιονὶα,
415 1131 510 1193 quam
533 1109 694 1189 scripsisse
714 1108 885 1172 Lacharcm
909 1109 1080 1189 sophistam
1106 1108 1203 1171 tradit
1225 1109 1337 1173 Suidas

255 1212 308 1298 (T.
329 1216 366 1277 11.
388 1237 420 1295 p.
439 1210 519 1298 419)
533 1211 590 1296 *).”

253 1462 300 1521 eds
319 1466 356 1534 τῷ
374 1468 535 1535 Μουσωνίῳ,
560 1488 644 1541 quum
665 1466 786 1541 plerique
806 1464 878 1521 nulla
901 1464 950 1518 alia
971 1484 1051 1536 quam
1072 1462 1140 1518 exilii
1160 1484 1246 1537 poena
1266 1461 1336 1520 Cor-

252 1564 347 1609 nutum
366 1552 472 1627 plerum
492 1554 572 1609 luisse
590 1556 705 1622 tradant,
724 1574 780 1608 non
798 1554 831 1608 de
851 1563 937 1618 caeso,
956 1552 1001 1605 sed
1023 1551 1131 1607 slrhlato'
1146 1562 1249 1607 tanturn
1267 1552 1293 1608 h.
1311 1571 1335 1609 e.

251 1642 369 1716 relegato
386 1642 588 1715 intelligendum
605 1664 669 1710 esse,
687 1655 717 1697 ut
734 1644 806 1697 idem
824 1643 858 1697 sit
869 1639 942 1714 quod
958 1646 1159 1711 καθαιρεῖσθαι,
1178 1654 1336 1699 statuerunt.

251 1730 281 1785 ln
308 1750 359 1808 qua
385 1731 560 1803 explicatione
581 1752 636 1789 nou
654 1733 741 1789 solum
761 1729 928 1787 Bruclertrm
945 1729 1104 1796 Martinirss,
1130 1728 1176 1788 retl
1193 1728 1336 1785 Olearium

252 1838 360 1893 quoque
380 1831 406 1873 et
423 1820 595 1891 Reimarum,
621 1842 689 1895 quos
708 1821 815 1887 laudat,
839 1820 909 1874 adde
933 1836 1007 1873 nunc
1025 1819 1105 1873 etiam
1123 1818 1245 1875 lahnium
1265 1840 1292 1890 p.
1307 1835 1337 1889 r,

251 1908 337 1961 socios
355 1907 440 1963 habet.
476 1908 523 1963 llis
541 1930 591 1985 ego
611 1930 721 1983 quoque
740 1909 878 1973 accedam,
896 1906 1008 1961 simulac
1025 1906 1092 1960 haec
1110 1906 1181 1959 serbi
1201 1906 1336 1978 significa·

252 1994 290 2048 tio
309 1990 411 2050 idoneis
431 1999 556 2071 exemplis
575 2000 749 2054 corroborata
772 1996 867 2063 luerit,
894 1994 967 2067 quod
990 2013 1084 2047 vereor
1107 2005 1137 2046 ut
1161 1989 1219 2045 lieri
1246 1994 1336 2065 possit,

252 2080 316 2135 dum
335 2094 429 2137 contra
449 2084 513 2137 nihil
538 2085 622 2157 magis
641 2106 670 2137 er
689 2105 738 2139 usu
758 2087 921 2155 scriptorum
943 2092 981 2135 est
1000 2100 1081 2153 quam
1100 2079 1181 2133 altera
1199 2075 1243 2133 illa
1262 2080 1336 2133 verbi

250 2170 417 2243 significatio.
452 2170 606 2245 Utrumque
621 2175 731 2227 verbum
747 2173 783 2225 ita
802 2172 874 2224 iuter
891 2188 918 2223 se
935 2168 1035 2235 atttert,
1053 2180 1082 2222 ut
1098 2165 1164 2221 illud
1181 2168 1338 2240 simpliciter

251 2259 297 2326 sit,
318 2260 350 2313 de
369 2262 455 2332 gradu
474 2261 513 2314 rel
532 2261 592 2313 loco
608 2260 725 2331 aliquem
745 2260 874 2324 deiicere,
894 2259 946 2312 boc
963 2257 1033 2311 idem
1053 2256 1098 2309 sed
1116 2257 1152 2309 ita
1168 2269 1200 2310 ut
1218 2258 1338 2311 deiectus

251 2358 350 2419 pereat.
385 2346 542 2401 Theodulus
559 2346 588 2399 in
606 2347 728 2401 Boiston.
748 2346 851 2401 Anecd.
867 2345 900 2399 T.
918 2345 951 2398 ll.
969 2365 995 2416 p.
1013 2348 1080 2400 aasz
1101 2340 1164 2403 eosic
1180 2348 1227 2406 uls
1244 2339 1336 2417 ᾕρουν,

251 2433 312 2492 τούς
335 2431 362 2486 δ’
375 2432 498 2504 ἀνῄρουν.
541 2431 585 2486 Cl.
605 2453 673 2504 quae
691 2453 721 2488 er
740 2433 864 2488 Gramen.
882 2432 942 2488 MS.
960 2433 994 2487 ad
1011 2431 1123 2487 Philem.
1140 2433 1201 2486 Les.
1219 2433 1338 2490 technol.

252 2541 279 2593 p.
294 2525 345 2576 atu
365 2521 481 2586 excitari,
500 2521 598 2592 quibus
616 2521 683 2576 adde
702 2521 825 2576 Gramm.
844 2520 872 2576 in
890 2521 955 2575 Maii
973 2521 1053 2577 Auct.
1069 2521 1102 2576 cl.
1121 2522 1154 2576 T.
1167 2523 1212 2576 lV.
1231 2543 1257 2594 p.
1271 2527 1335 2578 πῖ.

252 2609 337 2681 Igitur
355 2629 384 2662 er
401 2609 501 2663 Suidae
520 2608 558 2662 rel
580 2609 636 2664 eius
654 2629 735 2682 quem
759 2610 808 2677 ille⁴
822 2611 958 2682 exscripsit
973 2611 1103 2666 sententia
1125 2610 1157 2663 de
1176 2612 1227 2664 rita
1242 2609 1335 2666 subla-

252 2709 293 2752 tua
311 2697 361 2752 luit
380 2697 524 2766 Cornutus,
544 2697 617 2770 quod
638 2717 694 2756 uon
715 2719 759 2767 eo,
777 2699 850 2773 quod
869 2700 896 2752 id
917 2699 1019 2756 lactum
1035 2717 1104 2757 cum,
1118 2698 1234 2752 Musunii
1253 2699 1336 2754 caede

252 2785 317 2840 salso
338 2787 523 2856 componitur,
549 2787 733 2859 redarguitur,
762 2807 847 2860 quum
871 2787 924 2842 hoc
941 2787 1018 2842 facile
1039 2786 1125 2840 errori
1145 2786 1226 2843 tribui
1246 2788 1336 2858 possit.

252 2871 330 2940 Quae
348 2874 401 2928 iam
420 2874 602 2946 discrepanter
620 2875 723 2930 narrari
743 2875 866 2930 ridentur
883 2874 996 2930 Cornuti
1017 2874 1094 2930 etde
1113 2874 1189 2928 exilio
1207 2886 1234 2928 et
1250 2875 1336 2930 inter-

252 2960 368 3014 emtione
389 2961 488 3033 optime
505 2963 539 3016 ita
559 2965 783 3031 conciliabuntur,
805 2975 833 3018 ut
848 2962 1000 3024 Cornutum
1018 2964 1091 3018 iustu
1103 2963 1219 3018 Neronis
1236 2964 1264 3018 iu
1280 2965 1336 3020 eri-

252 3046 316 3100 lium
343 3049 416 3102 ivisse
439 3069 555 3124 eumque
580 3051 616 3106 ihi
636 3053 794 3109 defunctum
813 3070 868 3104 esse
886 3061 1048 3117 statuamus,
1076 3051 1112 3105 ita
1131 3063 1162 3106 ut
1179 3071 1264 3123 quum
1281 3053 1338 3106 exi-

251 3133 315 3202 lium
336 3138 428 3192 mortis
448 3157 538 3196 cauma
558 3141 687 3215 appellari
708 3140 797 3214 possit,
818 3137 954 3192 Cornutus
974 3139 1174 3211 quodammodo
1194 3159 1208 3194 a
1227 3140 1335 3195 Nerone

250 3223 424 3297 interemptus
445 3248 498 3284 esse
516 3242 590 3286 reete
606 3231 719 3286 dicatur.
757 3229 826 3282 Nam
842 3226 916 3298 apud
929 3226 1042 3283 Suidam
1055 3225 1107 3299 πρδ
1124 3225 1207 3280 αὐτοῦ
1226 3228 1254 3282 in
1270 3225 1337 3297 πρός

250 3310 333 3366 αὐτοῦ
352 3317 498 3386 (Νέρωνος)
524 3319 700 3385 mutandum,
728 3316 802 3390 quod
826 3317 878 3370 iam
897 3316 1038 3371 Reimarus
1060 3328 1190 3383 suaserat,
1218 3316 1336 3387 iungen-

250 3402 369 3473 dumque
389 3423 444 3458 esse
463 3424 525 3460 cum
544 3425 599 3478 seq.
617 3404 780 3475 ἀναιρεθείς,
799 3415 871 3460 recle
891 3404 997 3461 monuit
1013 3404 1156 3459 Martinius
1173 3405 1264 3476 pto]

323 3491 360 3558 [')
379 3491 504 3546 Lacharis
530 3491 660 3565 sophistae
688 3493 828 3550 Marciano
857 3504 885 3547 et
910 3493 1001 3547 Leone
1027 3493 1092 3563 imp.
1120 3491 1240 3546 florentis
1265 3491 1337 3546 hanc

250 3580 368 3648 ῖοτοριον
386 3576 433 3647 τήν
452 3577 520 3630 και-α’
534 3583 686 3651 Κορνοῦτον
705 3581 737 3634 ad
757 3580 927 3635 historiarum
946 3581 1104 3651 scriptorem
1118 3578 1271 3636 Cornutum
1288 3579 1338 3632 Li-

252 3667 338 3740 riique
357 3667 496 3740 aequalem
516 3668 685 3724 referendam
703 3680 728 3724 et
745 3670 807 3722 inde
826 3669 915 3740 petius
931 3667 1091 3740 appellatam
1109 3686 1173 3734 esse,
1192 3667 1265 3739 quod
1283 3667 1338 3720 La-

251 3755 343 3809 chares
361 3756 387 3808 in
407 3777 437 3810 ea
457 3758 645 3812 concinnanda
663 3757 815 3812 Cornutum
833 3765 939 3815 secutu's
955 3759 1003 3823 sit,
1023 3757 1147 3812 adversus
1165 3753 1336 3812 Brucierum

250 3845 320 3899 hene
339 3847 443 3900 monuit
458 3847 599 3902 Martiuius
620 3867 646 3920 p.
658 3850 702 3900 tt.
738 3845 891 3900 Permirum
906 3857 1006 3914 autem,
1026 3845 1142 3898 historici
1156 3844 1226 3898 illius
1239 3863 1338 3915 quam-

251 3931 288 3984 rir
310 3931 417 4002 insipidi
436 3933 548 3990 Cornuti
569 3935 742 4002 memoriam,
765 3934 786 3988 si
805 3929 916 4013 Suidam
934 3937 1042 3991 duobus
1060 3933 1111 3987 illis
1129 3931 1195 3988 locis
1214 3933 1337 4002 recipiar,

251 4040 360 4091 prorsus
376 4021 514 4089 interiisse,
534 4034 560 4077 et
578 4025 660 4096 tnagis
678 4025 758 4078 etiam
778 4023 893 4090 mirum,
905 4025 1053 4094 posteriore
1071 4035 1263 4094 temporeque
1280 4041 1338 4075 nou

250 4108 361 4164 deerant
383 4108 484 4180 optima
508 4110 779 4182 locupletissimorum
804 4112 1081 4184 aucturumscripta,
1108 4129 1177 4182 quae
1195 4108 1242 4180 qui
1260 4108 1340 4162 uellet

250 4215 390 4268 excerpere
409 4215 543 4269 suumque
561 4199 589 4252 iu
609 4218 686 4255 usum
714 4212 869 4256 convertere
894 4199 1037 4270 potuisset,
1064 4197 1219 4257 ahachare
1237 4195 1339 4252 doctis-
