2984 4825
562 398 800 458 ..499-

137 560 191 629 ult
217 566 397 631 obtaruabie
423 564 477 627 rel
499 560 730 625 mammete
758 574 900 645 tempore
923 563 994 625 illm
1020 562 1059 627 de
1088 564 1139 629 dei
1166 566 1220 629 de·

136 681 220 731 creto
247 680 279 731 et
306 667 347 731 de
376 668 475 731 libera
503 666 638 731 hominia
660 664 700 726 ad
723 666 840 727 bonum
864 676 896 726 et
917 668 1034 729 malum
1056 671 1220 731 uoluntate

27 811 31 834 t
134 783 234 835 motaa
257 772 353 834 luiaae
371 770 581 854 quaeationae,
604 788 737 853 quarum
762 770 907 849 ambagea
928 782 1080 853 torquent
1099 784 1133 833 et
1155 773 1219 835 clu·

134 872 214 937 dunt
233 876 330 937 aciem
346 874 465 953 ingenii
484 874 536 936 vel
558 873 698 953 iptorum
722 869 930 949 diabolorum,
951 892 1030 955 quoe
1048 874 1080 935 in
1097 876 1221 937 inlerno

135 976 283 1043 de2=lriace
301 979 396 1039 rebua
417 974 621 1055 diaputantea,
643 986 753 1054 utpote
775 976 843 1037 otio
865 976 1060 1039 abundantes
1082 998 1118 1039 ao
1139 977 1220 1041 deai-

135 1079 223 1144 dioec
243 1093 410 1161 occupatae
437 1078 527 1157 lingit
553 1078 608 1137 ille
629 1077 794 1139 llliltoniua
823 1077 856 1137 in
885 1096 943 1140 auo
970 1078 1141 1141 immortali
1158 1083 1220 1142 ,Pa-

134 1182 240 1246 radiao
262 1181 437 1264 deperdito.
479 1178 543 1242 Sed
564 1200 690 1241 manum
711 1178 752 1240 de
778 1182 895 1243 tabula.
946 1182 1048 1244 lurita
1076 1184 1158 1249 enim
1186 1185 1219 1246 in

134 1286 195 1349 hoc
215 1287 285 1348 luco
302 1284 423 1347 difficili
442 1295 585 1349 verentur
605 1284 718 1358 oratio,
739 1294 775 1343 ut
796 1281 906 1344 Cottae
927 1281 968 1345 de
989 1284 1045 1345 hac
1060 1286 1129 1367 ipae
1144 1306 1220 1368 pro.
1289 1324 1297 1337 .

133 1386 277 1453 videntia
296 1386 380 1469 apud
403 1387 585 1449 Ciceronem
602 1382 628 1471 ¹)
650 1384 839 1465 diaputentia
860 1389 954 1449 verba
976 1407 1140 1468 usurpem:
1161 1390 1219 1471 qui

130 1493 226 1571 plura
255 1492 359 1568 volet,
392 1491 420 1553 ia
449 1502 578 1571 praeter
603 1489 683 1549 aliua
712 1487 912 1568 innumeroa,
946 1489 1099 1570 imprimis
1128 1490 1219 1553 adeat

128 1592 319 1675 Lipaiuua2)
342 1593 469 1674 copiose
491 1605 523 1654 et
547 1590 639 1653 docta
659 1591 882 1669 disserentem,
913 1613 968 1653 nec
996 1610 1059 1653 non
1084 1593 1219 1673 plurima

128 1696 326 1773 afferentem,
348 1697 465 1779 quibua
479 1692 632 1756 adueraua
643 1695 845 1755 Plutarchum
862 1706 892 1755 et
908 1694 1103 1757 Bruclterum
1119 1696 1219 1778 Chry-

130 1799 245 1877 cippua
264 1814 439 1878 omoeoque
458 1793 538 1857 adeo
559 1794 657 1858 Stoici
678 1793 805 1859 delendi
826 1796 959 1879 poeaint.

219 1899 285 1960 lam
307 1916 385 1960 reru
406 1894 543 1959 vidimua
559 1894 645 1977 epud
661 1894 784 1959 Stoicae
801 1918 897 1961 unum
914 1894 1109 1981 eundemque
1125 1896 1216 1961 deum

131 1999 255 2081 pariter
276 2011 421 2062 uocatum
443 1998 538 2059 luiaae
560 1997 751 2079 principium
774 2021 882 2079 egena,
904 2002 1025 2078 lovem,
1046 2002 1128 2064 lovia
1150 2006 1217 2064 aui·

130 2123 230 2179 mum,
252 2099 331 2175 Διὸς
352 2097 467 2184 λόγον,
487 2098 597 2162 mundi
618 2102 764 2179 animum,
785 2102 850 2163 vim
871 2102 1073 2185 animumque
1097 2107 1216 2183 mundi,

130 2216 269 2267 mentem
291 2203 538 2285 sapientiamque
562 2203 731 2283 perlectam
755 2216 785 2265 et
809 2204 947 2266 ciusdem
969 2206 1090 2267 animae
1104 2207 1215 2271 mundi

130 2304 354 2387 principatum,
374 2303 407 2367 id
423 2318 479 2383 eat,
498 2308 636 2382 aatlcora,
656 2318 692 2367 ut
708 2306 898 2389 Clrryeippo,
920 2309 1029 2385 colem,
1052 2321 1085 2371 ut
1102 2309 1215 2375 Clean·

130 2407 182 2473 tlri
196 2407 321 2488 placuit
328 2452 339 2487 ,
366 2429 403 2472 ae
423 2407 557 2490 proinde
579 2408 681 2488 ignem
703 2423 735 2472 et
760 2424 921 2490 naturam,
944 2431 1138 2476 communem
1159 2435 1215 2477 na·

130 2526 247 2589 ttuuu,
267 2523 298 2575 ct
319 2511 353 2574 ia
371 2525 485 2576 nutura
505 2513 630 2574 incitam
655 2513 866 2596 materiaeque
888 2518 1037 2580 incertam
1059 2519 1213 2583 rationem

129 2615 371 2696 sempiternam,
394 2627 426 2676 et
444 2615 600 2678 rationem
622 2634 833 2693 communem,
854 2629 886 2678 et
907 2622 1063 2682 rationem
1082 2624 1214 2685 aemine-

87 2743 96 2752 ,
130 2721 214 2796 lem,
234 2737 289 2784 acu
309 2717 417 2796 putiua
437 2718 603 2780 aemiualea
621 2739 728 2780 catuaa
750 2719 783 2778 in
804 2739 837 2780 ae
859 2721 1087 2802 continentem,
1113 2747 1148 2786 ac
1169 2729 1215 2787 le-

129 2841 203 2900 gem
224 2817 364 2884 divinam
383 2823 639 2904 naturalemque,
661 2822 761 2900 legem
782 2840 993 2901 communem,
1014 2827 1113 2908 legem
1135 2830 1214 2891 recti

25 2908 26 2915 ἵ
128 2924 396 3006 praeceptricem,
420 2925 575 3008 pravique
597 2923 821 3006 depultrioem,
848 2926 962 3006 latum,
990 2933 1214 3018 εἱμαρμένην,

25 3110 26 3117 ¹
128 3029 254 3106 uim,
271 3039 415 3111 μοῖραν,
434 3028 603 3092 Parcarum
624 3023 777 3112 δύναμιν
787 3075 798 3106 ,
825 3021 1043 3112 α’δραοηίαν,
1064 3035 1213 3116 νέμεσιν,

127 3127 462 3206 incommonitum
484 3130 623 3193 omnium
646 3149 765 3206 rerum,
786 3129 924 3192 divinam
946 3129 1137 3216 letalemque
1158 3157 1213 3196 ne·

128 3229 316 3306 eeaaitatem,
338 3250 460 3290 cauaam
481 3231 616 3310 primam
637 3244 668 3292 et
690 3235 876 3312 generalem,
898 3253 1020 3295 ceuauur
1041 3235 1212 3316 facientem,

25 3332 26 3343 ’
128 3323 273 3396 πάντων
299 3329 436 3408 alaier,
467 3332 585 3398 αἰτίαν
615 3325 797 3417 delemur,
827 3337 894 3402 cuir
924 3328 1066 3420 iterur
1097 3337 1212 3406 αἰκίαν

127 3423 282 3515 erptiam,
304 3431 466 3494 οαόιιιίιιιι
487 3446 519 3494 et
540 3435 715 3513 ueritatem,
736 3437 876 3500 omnium
898 3457 1014 3516 rerum,
1035 3459 1117 3522 quae
1138 3451 1211 3502 aunt

127 3531 160 3594 ei
178 3532 349 3611 motuum,
372 3535 463 3617 quaai
482 3534 682 3615 prudentiam
704 3536 872 3618 quandam,
899 3541 1024 3603 letalem
1046 3556 1078 3606 ct
1100 3544 1212 3607 immu-

124 3631 258 3697 tabilem
279 3635 544 3698 continuationem
565 3637 687 3702 ordinia
707 3644 864 3722 eupremi,
892 3646 1068 3726 fortunam,
1097 3659 1129 3709 et
1152 3667 1211 3727 po·

123 3749 249 3800 atremo
269 3737 520 3818 providentiam,
546 3762 626 3824 quae
650 3743 756 3805 omnia
779 3763 874 3804 uuum
898 3743 1045 3832 idemque
1067 3760 1156 3828 aunt,
1179 3760 1210 3810 et

125 3840 158 3902 id
179 3837 267 3922 quod
290 3862 309 3902 a
332 3841 421 3903 uobia
443 3840 558 3903 dicitur
576 3841 663 3926 dcun,
683 3845 788 3929 inquit
805 3845 985 3911 lactantius
998 3849 1037 3938 ⁵),
1059 3873 1128 3914 cum
1145 3871 1208 3914 uon

121 4001 419 4016 ——n———b-—a——u-

196 4089 231 4160 a)
250 4091 292 4144 ne
308 4091 341 4144 rt.
359 4093 394 4146 n.
414 4096 462 4160 ru,
483 4097 527 4150 aa.

198 4180 230 4245 2)
248 4179 332 4234 Stoic.
349 4180 424 4252 playa.
443 4181 462 4234 l.
481 4201 495 4235 a
516 4181 617 4237 dissert.
637 4186 672 4240 13
690 4203 774 4257 usque
794 4183 827 4239 ad
847 4191 889 4243 te.

199 4267 233 4335 3)
251 4267 313 4322 luat.
330 4267 380 4322 dit.
401 4271 421 4338 l,
441 4274 465 4323 5.

854 4375 920 4436 32*
